3046 5496
774 480 838 554 viii

194 672 323 770 posita,
343 673 466 752 dicere
484 676 585 777 quasi
603 677 718 776 cogit,
735 699 810 751 non
826 676 949 767 video,
967 701 1033 751 cur
1053 700 1124 775 ego
1147 672 1268 774 palam
1293 688 1453 769 pronun·

196 788 292 862 ciare
322 816 366 864 ac
396 804 562 890 repetere
592 816 667 865 non
696 791 866 882 debeam,
891 792 1030 865 nemini
1059 816 1191 890 nempe
1219 811 1361 876 eorum,
1390 782 1453 880 qui

194 900 383 1003 hucusque
405 907 545 981 Lexica
561 907 610 981 N.
629 906 676 978 T.
696 905 956 995 condiderunt,
981 906 1191 1004 contigisse,
1217 915 1272 993 ut,
1298 924 1374 975 non
1400 896 1453 972 di·

195 1002 289 1104 cam,
308 1043 417 1095 omne
433 1034 613 1119 punctum
630 1017 745 1093 ferret
761 1029 800 1091 et
825 1023 916 1116 opus
940 1019 1134 1116 proferret,
1151 1021 1197 1093 ab
1223 1015 1323 1091 omni
1348 1023 1454 1112 parte

193 1129 415 1226 perfectum,
433 1135 552 1233 (quod
568 1134 606 1206 in
623 1142 728 1211 tanta
743 1131 851 1230 hujus
868 1132 1008 1230 negotii
1024 1133 1205 1230 gravitate
1222 1141 1261 1204 et
1272 1126 1453 1211 molestia,

193 1243 234 1315 in
267 1257 371 1321 tanta
403 1248 562 1322 humana
595 1247 846 1322 imbecillitate
880 1271 924 1321 ac
957 1245 1250 1345 imperfectione,
1277 1243 1316 1314 in
1347 1251 1453 1314 tanta

195 1357 355 1460 denique
372 1364 604 1461 ingeniorum
621 1363 797 1436 varietate
814 1387 858 1436 ac
879 1362 1142 1435 sententiarum
1169 1357 1379 1432 diversitate
1404 1379 1454 1429 ne

195 1478 349 1575 cogitari
367 1479 515 1577 quidem
534 1490 572 1552 et
596 1476 771 1574 postulari
796 1473 936 1574 potest)
960 1476 1039 1566 sed,
1057 1487 1099 1550 ut
1124 1474 1291 1549 Lexicon
1317 1471 1454 1546 conde·

194 1598 266 1683 ret,
283 1594 525 1692 apraecipuis
542 1617 585 1666 ac
602 1590 823 1689 gravissimis
840 1590 937 1664 vitiis
955 1615 998 1664 ac
1016 1590 1197 1664 erroribus
1221 1587 1381 1660 maxima
1405 1609 1455 1660 ex

194 1719 300 1806 parte
316 1706 487 1797 liberum,
513 1707 630 1805 iisque
647 1704 871 1778 ornamentis
896 1705 1131 1793 instructum,
1149 1727 1242 1800 quae
1260 1727 1282 1775 a
1298 1700 1455 1798 diligen-

194 1819 247 1894 tia
272 1831 310 1895 ct
336 1821 541 1895 eruditione
569 1820 766 1908 editorum,
792 1830 969 1917 rectoque
993 1817 1256 1916 praesidiorum
1285 1839 1456 1912 praesen·

194 1937 288 2012 tium
306 1963 374 2011 usu
392 1936 476 2034 jure
502 1937 706 2032 meritoque
724 1934 860 2031 sperari
884 1944 1066 2031 poterant.
1119 1931 1269 2005 Habere
1298 1930 1454 2003 virtutes

194 2076 277 2125 suas
310 2052 472 2147 insignes
506 2049 556 2122 N.
591 2047 638 2120 T.
674 2047 877 2136 thesauros,
911 2072 1001 2143 quos
1042 2046 1229 2134 Dietcrict',
1271 2045 1456 2132 Minterti,

193 2167 355 2260 Leigbii,
372 2164 515 2249 Stoclrii,
534 2162 738 2247 Schworzii,
757 2163 1006 2256 Schocttgenii,
1023 2161 1184 2249 Krebsii,
1209 2169 1248 2232 et
1268 2157 1329 2231 alii
1345 2157 1385 2228 in
1401 2156 1456 2228 lu·

195 2303 278 2352 cem
295 2277 481 2375 publicam
499 2276 707 2362 ediderunt,
726 2287 832 2349 extra
848 2299 995 2349 omnem
1014 2275 1251 2350 dubitationis
1264 2273 1381 2348 aleam
1399 2284 1454 2348 est

192 2392 369 2490 positum,
387 2402 425 2464 et
442 2417 527 2489 ego,
545 2392 607 2486 qui
632 2389 815 2487 permulta
839 2391 1000 2488 ipsorum
1016 2389 1168 2462 lectioni
1194 2388 1323 2475 debeo,
1343 2400 1382 2462 et
1407 2413 1454 2462 ex

193 2505 281 2602 ipsis
298 2507 337 2576 in
362 2529 447 2578 usus
472 2528 573 2577 meos
598 2504 780 2590 transtuli,
801 2503 931 2576 lubens
960 2516 1000 2577 et
1028 2515 1155 2601 gratus
1184 2528 1359 2602 agnosco,
1389 2505 1455 2578 sed

193 2620 316 2693 nullus
332 2633 457 2695 tamen
474 2643 601 2693 eorum
618 2619 670 2692 ita
687 2629 918 2715 comparatus
936 2630 992 2692 est
1009 2643 1052 2691 ac
1069 2618 1283 2710 instructus,
1300 2630 1343 2694 ut
1368 2644 1456 2694 vere

195 2734 269 2809 dici
286 2735 403 2833 possit
426 2735 619 2808 thesaurus
643 2735 925 2832 praecipuarum
950 2734 1244 2808 observationum
1261 2734 1455 2832 philologi·

193 2873 332 2936 carum,
364 2875 385 2923 a
414 2850 545 2948 quibus
574 2849 815 2945 grammatica
843 2847 1098 2945 interpretatio
1127 2848 1177 2922 N.
1209 2848 1256 2921 T.
1285 2851 1450 2947 pendet;

193 2965 329 3053 nullus,
347 2967 409 3061 qui
427 2989 513 3038 vere
530 2965 656 3036 usibus
681 2961 880 3035 multorum
908 2961 1094 3053 inserviat,
1123 2965 1195 3061 qui,
1218 2963 1320 3061 justa
1345 2965 1453 3040 libro·

192 3101 274 3150 rum
294 3078 400 3174 copia
417 3077 598 3164 destituti,
615 3088 740 3148 tamen
758 3077 805 3166 ad
822 3075 1046 3151 subtiliorem
1068 3078 1118 3151 N.
1137 3079 1183 3152 T.
1203 3081 1453 3176 cognitionem

194 3191 406 3287 adspirant3
434 3189 556 3262 nullus
574 3189 748 3287 denique,
766 3191 828 3288 qui
853 3215 928 3265 non
951 3192 1114 3266 incuriae
1140 3219 1184 3268 ac
1208 3194 1453 3270 festinationis

193 3302 388 3377 innumera
403 3304 578 3401 impressa
595 3303 729 3378 habeat
744 3305 910 3403 vestigia.
962 3307 1093 3404 Itaque
1119 3332 1205 3380 cum
1229 3323 1379 3406 rogatus
1401 3338 1455 3387 es·

195 3429 272 3489 sem
302 3429 388 3490 ante
413 3417 480 3490 hos
509 3441 642 3491 novem
660 3441 774 3492 annos
792 3421 866 3492 ab.
884 3421 1044 3506 noetio,
1073 3434 1277 3496 mercatore
1306 3423 1453 3500 librario

194 3531 379 3626 quondam
406 3532 660 3606 honestissimo
686 3559 729 3607 ac
757 3533 961 3608 litterarum
989 3536 1107 3610 omnis
1135 3540 1280 3634 generis
1308 3566 1456 3638 promo

194 3645 395 3719 vendarum
425 3647 703 3738 studiosissimo,
731 3660 775 3722 ut
799 3647 931 3723 Lexici
956 3651 1005 3723 N.
1024 3650 1071 3722 T.
1088 3654 1296 3751 praecipuis
1323 3655 1455 3731 saltem

193 3760 389 3841 virtutibus
407 3787 450 3836 ac
469 3763 630 3854 dotibus,
648 3788 741 3861 quae
758 3763 798 3836 in
813 3764 961 3862 reliquis
979 3764 1245 3859 desiderantur,
1259 3771 1455 3847 eminentis

194 3898 238 3949 ac
263 3878 492 3972 praestantis,
519 3889 558 3952 et
574 3879 612 3950 in
628 3878 754 3977 primis
778 3879 1004 3978 integritate,
1031 3881 1235 3979 diligentia,
1253 3885 1356 3983 justo
1379 3917 1454 3964 am.

193 3987 275 4062 bitu
293 4014 336 4062 ac
362 3990 559 4063 multorum
586 3991 731 4064 illorum
755 3994 1033 4090 praesidiorum,
1063 4021 1157 4092 qnae
1182 4012 1306 4075 nostra
1330 4017 1452 4080 aetate

193 4099 448 4203 interpretatio
465 4106 514 4179 N.
533 4106 580 4179 T.
598 4110 838 4203 grammatica
864 4111 990 4200 habet,
1020 4115 1214 4189 commodo
1243 4143 1311 4192 usu
1340 4121 1452 4220 insig-

195 4219 263 4304 nis,
295 4219 480 4294 condendi
514 4220 553 4292 in
577 4245 637 4294 me
668 4246 793 4295 curam
827 4225 1063 4322 susciperem,
1094 4252 1301 4327 quanquam
1336 4238 1453 4312 multa

196 4343 314 4420 erant,
340 4358 433 4430 quae
459 4357 519 4406 me
545 4335 591 4408 ab
618 4334 690 4409 hoc
720 4338 873 4412 consilio
898 4365 1051 4412 avocare
1079 4344 1298 4439 potuissent,
1327 4360 1452 4426 tamen

194 4445 357 4519 laborem
372 4447 488 4534 illum,
511 4448 710 4523 admodum
735 4453 929 4527 molestum
954 4455 1140 4551 taediique
1165 4458 1329 4556 plenum,
1347 4465 1453 4539 defu-

195 4559 372 4675 giendum
389 4582 463 4633 non
480 4565 620 4663 putavi,
638 4564 750 4640 immo
774 4593 819 4644 eo
843 4568 1029 4646 lubentius
1057 4572 1096 4646 in
1125 4597 1185 4650 me
1209 4578 1348 4679 recepi,
1377 4607 1452 4680 quo
