3046 5496
494 1182 929 1287 PRAEFATIO

423 1463 727 1541 EDITIONIS
755 1466 1000 1543 PRIMAE.

489 2254 675 2319 LECTORI
696 2257 928 2321 BENEVOLO

107 2438 136 2554 s‘
539 2464 682 2509 saturnu
696 2471 733 2511 rr
744 2472 883 2513 orsrcrn.

78 2687 311 2787 Qussousru
328 2707 360 2779 is
377 2729 448 2804 ego
464 2729 538 2779 non
560 2731 654 2799 sum,
677 2709 738 2783 cui
764 2721 829 2783 aut
845 2709 1083 2809 voluptatem,
1111 2723 1176 2787 aut
1199 2706 1338 2785 utilita-¹

79 2833 153 2894 tem
170 2823 326 2920 aliquam
345 2820 472 2895 afferre
497 2823 622 2918 possit,
642 2823 688 2896 de
715 2823 867 2896 aliorum
893 2824 1061 2899 laudibus
1087 2826 1248 2900 etfama
1275 2823 1339 2897 de·

80 2939 233 3026 trahere,
257 2950 296 3011 et
321 2962 415 3033 quae
441 2937 577 3010 sintin
603 2936 746 3034 scriptis
772 2938 926 3010 aliorum
955 2951 1020 3012 aut
1048 2938 1339 3036 imperfectionis

81 3052 268 3136 humanae,
288 3063 353 3125 aut
369 3052 532 3126 incuriae
550 3076 594 3126 ac
610 3052 868 3141 festinationis,
886 3064 950 3126 aut
966 3053 1132 3128 inscitiae
1146 3053 1239 3125 adeo
1255 3074 1337 3124 ves·

83 3165 168 3259 tigia
184 3165 283 3237 haud
300 3167 455 3239 obscura
471 3165 611 3264 lynceis
628 3165 744 3240 oculis
761 3166 935 3264 indagare
962 3179 1000 3240 et
1029 3167 1182 3240 molesta
1210 3189 1338 3263 prava·

84 3302 151 3373 que
176 3303 259 3351 curn
294 3278 489 3352 sedulitate
517 3279 634 3375 magis
663 3279 862 3377 conspicua
891 3280 1058 3368 reddere,
1085 3282 1182 3354 bona
1211 3290 1337 3352 autem

85 3393 278 3465 eorundem
304 3403 343 3465 et
371 3393 525 3465 virtutes
551 3391 658 3488 plane
689 3392 833 3465 silentio
862 3394 1179 3489 praetermittere3
1208 3398 1337 3490 (sensu

85 3506 176 3576 enim
192 3505 381 3578 tenuitatis
398 3529 442 3578 ac
459 3504 719 3579 imbecillitatis
736 3506 874 3602 ingenii
887 3506 960 3580 mei
973 3507 1208 3603 omniumque
1222 3503 1336 3577 animi

84 3645 125 3690 ac
142 3619 298 3716 corporis
315 3619 447 3692 virium
465 3644 509 3692 ac
526 3617 742 3693 facultatum
756 3620 1051 3716 praesentissimo
1065 3630 1270 3694 commotus
1288 3641 1334 3691 ac

82 3735 209 3808 ductus
227 3735 378 3808 aliorum
389 3733 548 3831 judicio,
565 3733 762 3807 eruditioni
788 3745 827 3807 et
854 3734 1045 3809 conatibus
1076 3735 1191 3831 magis
1221 3755 1333 3829 quam

82 3850 164 3920 milri
182 3861 220 3923 et
236 3875 257 3921 a
275 3872 334 3922 me
350 3847 525 3945 profectis
542 3849 702 3921 tribuere
720 3847 833 3938 soleo,
851 3860 890 3922 et
910 3873 984 3922 non
1010 3848 1125 3922 solum
1152 3847 1334 3920 modestia

81 3987 120 4036 ac
137 3963 362 4036 humanitate
388 3961 477 4035 alios
493 3961 656 4051 vincere,
673 3962 738 4034 sed
764 3962 874 4036 etiam
904 3988 1045 4036 summa
1074 3961 1265 4057 diligentia
1293 3968 1333 4032 et

81 4077 258 4151 indefesso
273 4077 477 4150 litterarum
495 4100 539 4150 ac
555 4078 650 4150 bene
669 4075 716 4149 de
733 4075 811 4149 aliis
836 4078 1000 4150 merendi
1028 4077 1150 4151 studio
1179 4076 1227 4149 ad
1254 4098 1333 4148 cer-

79 4205 149 4263 tam
166 4190 301 4264 famam
320 4190 555 4277 contendere,
575 4202 639 4264 aut
655 4202 756 4264 certe
772 4213 897 4263 veram
917 4191 1063 4264 laudem
1088 4214 1214 4286 parare
1241 4186 1333 4260 mihi

77 4306 186 4380 didici
201 4304 231 4398 z)
258 4317 383 4379 tamen
400 4304 499 4402 quod
516 4304 682 4402 quilibet,
700 4303 761 4379 cui
787 4304 834 4377 de
859 4304 930 4378 hoc
959 4303 1162 4377 litterarum
1192 4324 1332 4397 genere

74 4420 354 4516 rectejudicare
378 4418 532 4493 facultas
558 4430 614 4492 est
643 4430 681 4493 et
708 4429 884 4516 potestas,
913 4416 1014 4490 nullo
1043 4415 1154 4488 modo
1184 4413 1331 4488 diffiteri

72 4547 192 4630 potest
208 4558 254 4607 ac
272 4532 410 4606 inficias
434 4533 501 4622 ire,
519 4545 558 4607 et
583 4531 688 4605 multi
716 4533 808 4605 adeo
838 4556 882 4604 ac
913 4527 1114 4603 doctissimi
1143 4527 1211 4600 viri
1241 4550 1328 4600 con-

71 4649 221 4722 tendere
256 4644 349 4718 nulli
381 4645 605 4736 dubitarunt,
636 4670 783 4743 meque,
815 4641 1007 4744 praefandi
1038 4641 1227 4742 provincia
1259 4641 1326 4715 im·

647 4759 685 4834 A
709 4772 734 4832 4
