3046 5496
733 582 774 669 ix

131 774 243 874 magis
270 775 311 851 id
340 802 419 853 non
445 778 563 853 solum
592 777 768 869 muneris,
786 802 860 879 quo
883 777 1029 877 fungor,
1049 775 1207 852 rationes
1233 772 1386 850 suadere

131 889 360 983 ridebantur,
395 893 461 967 sed
494 894 605 968 etiam
638 892 734 983 Viri,
768 893 989 992 philologiae
1023 917 1146 967 sacrae
1179 889 1387 989 peritissimi

135 1017 172 1076 et
186 1006 401 1101 gravissimi,
419 1020 587 1083 auctores
611 1007 701 1081 mihi
727 1008 945 1096 existebant,
964 1021 1006 1082 ut
1031 1006 1134 1096 mihi,
1151 1029 1226 1079 non
1243 1004 1388 1078 insueto

139 1117 238 1214 plane
266 1120 448 1218 ejusmodi
474 1123 655 1213 laborum,
672 1123 743 1206 hoc
769 1123 973 1220 negotium,
992 1122 1123 1196 durum
1142 1120 1305 1218 quidem,
1323 1116 1390 1192 sed

143 1232 329 1307 admodum
346 1235 542 1313 honestum
568 1264 612 1313 ac
637 1263 745 1313 verae
775 1238 973 1312 multorum
1000 1235 1150 1311 utilitati
1175 1233 1388 1322 inserviens,

146 1348 345 1426 demandari
363 1355 545 1447 sinerem3
574 1379 729 1452 quorum
746 1367 850 1431 tanta
867 1353 966 1451 apud
991 1377 1051 1426 me
1079 1351 1153 1425 fuit
1177 1348 1389 1438 auctoritas,

148 1477 195 1553 ut,
210 1490 290 1540 cum
308 1493 368 1542 me
379 1468 458 1565 jam
474 1470 583 1567 plane
600 1469 776 1568 imparem
789 1469 875 1545 huic
889 1468 1003 1543 labori
1014 1466 1251 1565 judicassem,
1264 1475 1389 1537 tamen

149 1578 291 1674 ipsorum
312 1581 457 1679 judicio
482 1584 529 1658 de
553 1608 613 1658 me
640 1582 1005 1658 honorificentissimo
1032 1605 1106 1655 non
1130 1604 1260 1680 parere
1287 1576 1391 1651 nefas

151 1696 337 1770 arbitrarer.
389 1697 436 1770 In
453 1724 525 1795 qua
542 1724 581 1772 re
599 1698 688 1797 quid
709 1698 964 1796 praestiterim,
991 1708 1056 1771 aut
1080 1707 1182 1770 certe
1207 1703 1391 1792 praestare

153 1811 350 1902 studuerim,
368 1824 411 1886 ut
428 1813 605 1888 Lectores
622 1813 745 1887 statim
763 1813 801 1884 in
818 1813 898 1911 ipso
914 1811 1040 1885 limine
1057 1808 1279 1907 intelligant,
1305 1831 1391 1881 cnm

149 1923 210 2019 jam
235 1928 272 1999 in
298 1940 440 2002 tantam
465 1928 557 2002 liber
578 1928 783 2003 excreverit
800 1928 1106 2025 magnitudinem,
1122 1925 1249 2024 paucis
1266 1923 1392 1997 dicen·

155 2037 226 2110 dum
242 2041 387 2114 videtur
403 2053 442 2115 et
457 2041 709 2116 indicandum.
760 2040 883 2117 Prima
898 2067 981 2116 mea
998 2066 1086 2115 cura
1101 2039 1187 2131 fuit,
1204 2051 1247 2113 ut
1271 2040 1392 2115 obser·

155 2154 297 2226 vationes
313 2153 554 2252 philologicas
571 2155 609 2227 in
627 2154 677 2228 N.
696 2153 742 2228 T.
761 2179 850 2252 quas
870 2180 937 2253 per
966 2154 1126 2229 sedecim
1156 2153 1234 2229 fere
1262 2177 1390 2240 annos,

157 2264 332 2363 diligenter
348 2267 517 2366 legendis
535 2280 572 2344 et
587 2267 794 2367 relegendis
809 2269 910 2345 libris
927 2269 1071 2356 divinis,
1101 2267 1303 2365 iisdemque
1320 2268 1392 2342 sin·

155 2378 232 2472 gulis
247 2379 321 2454 fere
340 2383 469 2456 diebus
485 2408 552 2481 per
568 2407 682 2459 annos
700 2384 830 2461 decem
847 2384 1074 2460 auditoribus
1095 2383 1186 2455 meis
1211 2381 1392 2456 subtiliter

156 2493 373 2590 explicandis,
393 2497 627 2596 collegeram,
644 2522 719 2572 non
736 2499 853 2573 solum
871 2498 1076 2597 digererem
1095 2510 1133 2571 et
1146 2497 1392 2594 disponerem,

157 2610 327 2685 sedetiam
345 2613 552 2687 accuratius
570 2613 815 2691 examinarem
834 2627 872 2688 et
889 2626 991 2688 certa
1015 2639 1038 2687 a
1063 2612 1195 2702 dubiis,
1213 2623 1391 2708 quantum

158 2724 220 2796 lieri
234 2738 385 2824 poterat,
402 2752 619 2826 separarem.
670 2728 869 2825 Nunquam
895 2729 994 2802 enirn
1020 2728 1125 2826 potui
1155 2727 1240 2802 satis
1270 2726 1392 2800 mirari

159 2859 262 2912 eorum
278 2841 457 2915 incuriam
484 2855 522 2916 et
546 2841 824 2943 negligentiam,
850 2867 954 2939 quos,
971 2841 1019 2915 ad
1045 2838 1299 2938 componenda
1321 2840 1393 2915 Le-

158 2950 224 3025 xica
239 2955 284 3028 N.
304 2955 350 3029 T.
369 2955 559 3053 praesidiis
575 2956 745 3032 lectionis
770 2956 954 3031 studiosae
984 2980 1028 3029 ac
1057 2953 1235 3051 repetitae
1265 2964 1304 3026 et
1332 2977 1392 3028 ac-

156 3082 282 3143 curatae
300 3071 539 3145 enarrationis
555 3070 729 3145 librorum
747 3069 954 3144 divinorum
971 3069 1080 3167 plane
1107 3067 1314 3157 destitutos,
1331 3092 1392 3142 ac·

156 3183 297 3273 cessisse,
327 3186 405 3283 ipsa
437 3184 624 3271 librorum,
660 3210 750 3283 quos
780 3185 990 3274 ediderunt,
1018 3182 1173 3272 indoles,
1208 3206 1391 3279 quemque
1484 3217 1488 3222 ·

156 3292 267 3371 docere
284 3311 419 3396 potest.
471 3300 508 3373 Si
525 3324 612 3373 vero
629 3299 738 3374 nullis
754 3299 833 3373 aliis
849 3298 1038 3397 praesidiis
1054 3298 1267 3386 instructus,
1281 3319 1391 3392 quam

153 3407 197 3494 iis,
213 3438 301 3508 quae
319 3439 402 3488 meo
418 3413 568 3512 ingenio
586 3425 625 3488 et
641 3413 886 3513 qualicunque
913 3412 1110 3486 eruditioni
1139 3434 1182 3484 ac
1211 3409 1250 3481 in
1280 3409 1392 3483 inter-

152 3528 314 3615 pretando
343 3529 536 3625 sagacitati
561 3527 754 3619 debebam,
771 3529 882 3603 talem
907 3527 1055 3617 librum,
1072 3524 1220 3601 summis
1238 3523 1391 3597 difficul-

153 3637 270 3713 tatibus
295 3641 459 3739 plenum,
478 3643 707 3718 conscribere
735 3661 888 3719 conatus
916 3666 1047 3734 essem,
1076 3662 1239 3715 summae
1265 3649 1390 3716 tamen

151 3753 310 3830 audaciae
320 3756 405 3855 jure
423 3758 586 3831 accusari
602 3781 771 3856 possem,
798 3759 837 3831 in
858 3756 962 3855 cujus
987 3755 1127 3829 crimen
1156 3778 1202 3827 ne
1229 3752 1391 3827 incurre-

152 3887 229 3957 rem,
247 3869 444 3969 diligenter
460 3897 535 3946 non
552 3872 668 3946 solum
687 3872 845 3947 consulti
861 3884 948 3946 sunt
965 3897 986 3945 a
1003 3895 1062 3944 me
1080 3881 1119 3944 et
1135 3867 1291 3966 inspecti
1314 3893 1390 3942 orn-

152 3999 205 4052 nes
220 3981 311 4074 fere,
329 4010 420 4083 quos
437 3986 536 4060 nacti
554 3998 640 4061 sunt
655 3986 845 4085 hucusque
870 3986 952 4062 libri
971 3986 1084 4061 divini
1102 3986 1151 4060 N.
1171 3985 1218 4059 T.
1236 4008 1390 4082 magnos

150 4106 182 4166 et
203 4096 364 4196 inprimis
394 4101 523 4198 doctos
549 4125 593 4175 ac
620 4126 769 4199 sagaces
784 4103 1015 4200 interpretes,
1033 4124 1186 4198 quorum
1204 4098 1293 4173 alios
1309 4123 1390 4195 per-

148 4214 257 4304 petuis
274 4215 556 4302 commentariis,
574 4213 663 4289 alios
679 4240 767 4290 vero
784 4216 935 4314 singulis
952 4214 1264 4290 observationibus
1287 4211 1390 4289 locos

149 4322 189 4399 N.
208 4326 251 4401 T.
269 4328 489 4403 difficiliores
507 4330 697 4404 doctrinae
714 4355 799 4405 suae
822 4329 905 4407 luce
930 4330 1030 4404 haud
1055 4329 1192 4404 infelici
1217 4352 1389 4404 successu

149 4437 333 4518 illustrasse
361 4456 519 4533 constat,
544 4444 609 4519 sed
634 4445 757 4533 etiam,
776 4445 955 4543 quidquid
980 4443 1027 4519 ad
1056 4441 1215 4517 subsidia
1240 4440 1389 4538 linguae

148 4577 289 4646 graecae
306 4558 490 4634 interioris
507 4559 727 4656 cognitionis
745 4558 1010 4657 comparandae
1035 4557 1218 4654 pertinere
1242 4557 1390 4641 videba-

148 4680 208 4758 tur,
234 4672 435 4772 diligenter
460 4697 481 4747 a
506 4658 565 4748 nie
589 4672 838 4783 adhibendum
864 4695 955 4763 esse,
982 4697 1049 4747 usu
1074 4696 1206 4771 nempe
1231 4695 1316 4747 meo
1340 4671 1388 4754 dn
