3046 5496
149 496 327 580 Batanaia·
462 500 474 595 ζ
716 504 807 579 BA
1235 504 1250 577 1

132 655 327 733 praeponitur.
369 650 525 722 llale,
537 655 566 709 4.
586 648 667 717 alam
690 652 734 710 oie
774 649 854 710 verbi
874 650 963 720 eale,
982 652 1095 723 scando,
1116 653 1250 730 insertal

132 733 254 812 ’ἄαμψαν
268 740 326 810 ylio
342 740 372 815 τῇ
386 734 474 802 alan,
487 752 540 810 pro
554 739 642 814 τῇτοῧ
658 732 735 790 alan
778 731 927 790 Plutarch.
946 731 1057 791 Romul.
1072 753 1098 792 c.
1113 737 1161 793 20.
1203 729 1250 794 In‘

135 820 215 886 alain,
227 818 276 895 qui
290 834 348 874 non
362 814 507 873 flexerunt
527 831 623 890 genua
635 811 735 889 imagi-
779 814 865 872 Alex.
880 832 932 890 pro
950 812 1088 873 hebraico
1099 823 1187 910 ψῃ
1214 822 1227 875 l

135 896 165 953 ni
192 898 237 956 vel
261 908 372 956 statuae
398 894 478 952 Baal.
518 893 641 988 heginin
660 892 736 985 hanc
778 928 852 983 get
871 902 1188 1001 ώνὲρῌθὲωχ,
1205 928 1250 984 10·

136 997 197 1037 rem
220 988 348 1038 meretur
373 973 483 1034 selden.
504 974 541 1033 de
565 975 630 1033 Due
658 974 738 1052 Syria
795 1028 802 1040 ,
900 990 939 1023 ··'·:

138 1061 297 1138 syntagma
310 1058 350 1128 ΙΙ,
365 1076 428 1134 cap.
445 1060 457 1114 1
475 1066 506 1114 et
521 1058 550 1113 2.
562 1064 594 1114 et
615 1053 738 1114 Addita·
779 1041 865 1087 ⁸³²¹¹¹¹¹
881 1029 1031 1124 lel’ellluf·
1245 1115 1250 1128 Ι

136 1151 235 1199 menta
248 1139 355 1221 Beyert'
368 1158 401 1216 p.
414 1142 470 1199 137
485 1147 516 1195 et
529 1139 598 1198 eat.
801 1114 829 1168 ²·
842 1111 1047 1203 ,Vewl'hfflffiq
1055 1133 1063 1169 ²
1088 1114 1206 1208 gradu
1219 1115 1250 1193 dt,

197 1220 371 1289 naamon,
385 1223 450 1288 aaa.
464 1220 487 1282 i·
514 1215 655 1297 Babylon.
686 1215 740 1275 Est
766 1191 924 1271 strategium
946 1190 1069 1250 lonorn.
1111 1196 1250 1254 simmaa.

139 1320 198 1360 vox
219 1301 335 1380 originis
358 1299 510 1358 hebraicae
521 1281 739 1382 Vsscotgfutt'o,
782 1270 912 1363 XV313.
955 1272 1003 1330 Sic
1017 1273 1123 1351 legitur
1137 1276 1166 1381 in
1183 1276 1250 1379 NJ]

139 1390 240 1476 2⁵⁵2
253 1408 389 1489 ..‚,....
422 1366 631 1486 aaut..
644 1405 741 1485 a...
781 1352 967 1515 1131131
977 1359 1049 1492 tt
1064 1366 1249 1497 tttntt

139 1519 200 1588 lon,
214 1536 288 1595 quae
305 1535 410 1575 nornen
424 1515 513 1574 traxit
533 1533 551 1572 a
571 1512 739 1573 confusione
777 1515 856 1591 jorae
870 1514 1002 1582 honores,
1025 1516 1062 1573 ad
1083 1518 1249 1594 ampliorem

140 1599 313 1677 linguarum,
324 1616 410 1676 quam
421 1596 521 1655 Moses
532 1605 672 1654 memorat
681 1595 754 1658 Ge,
781 1594 896 1652 neribus
910 1597 1112 1655 ecclesiasticis
1122 1599 1249 1676 dignitat

140 1699 202 1739 nes.
224 1678 277 1737 XI.
298 1687 447 1737 exstructa
469 1696 487 1736 a
514 1675 663 1745 Nimrode,
686 1675 742 1735 nita
781 1685 888 1745 tamen,
904 1686 936 1733 ut
951 1676 1249 1762 Theodoretus,(qui1

141 1771 205 1820 erat
219 1761 248 1817 in
273 1757 392 1837 Assyria
414 1757 460 1816 vel
475 1756 631 1827 Chaldaea,
652 1756 681 1813 in
696 1776 741 1814 re·
781 1763 875 1832 βαθμὸν
886 1759 906 1816 ir
920 1765 955 1835 τῇ
966 1759 1083 1834 piatam
1097 1762 1143 1830 ala
1158 1761 1249 1841 interp

141 1842 228 1981 gigig?
243 1838 397 1979 cgmpestri
418 1838 519 1985 {near
531 1837 576 1896 vel
593 1837 742 1976 Sgpnglltar
782 1835 970 1977 hunlcicltlclm
984 1838 1020 1896 de
1029 1823 1162 1916 praemiis
1174 1842 1201 1898 in
1214 1842 1249 1983 fu¹

141 1938 160 1981 tt
282 1932 382 1980 ratem.
451 1938 597 1989 uae,cum
632 1938 660 1975 ru
707 1937 742 1975 ra·
782 1935 819 1974 ex
897 1939 1240 1982 ntumessccensuerun

141 2007 191 2063 eet
198 2023 228 2062 se
250 2016 395 2079 esrcgum
410 2000 556 2079 Assyriae,
571 1997 685 2057 taudem
700 1998 743 2057 di·
783 1936 862 2057 tiobe
875 2000 1023 2078 dignitatis
1037 2010 1063 2058 et
1077 2001 1191 2061 lionoris
1199 2008 1249 2083 fit.

142 2095 208 2143 ruta
221 2093 265 2142 est
275 2092 305 2141 et
318 2083 476 2149 destructa,
490 2100 525 2139 ac
538 2079 676 2138 Seleucus
692 2079 742 2137 Ni·
783 2079 861 2157 gitur
873 2088 971 2155 βιομὶς
992 2082 1069 2159 apud
1093 2083 1196 2143 Eueel.
1218 2087 1249 2144 H

143 2182 232 2224 canor
258 2164 348 2221 aliam'
370 2161 500 2220 condidit
530 2160 567 2219 ad
596 2152 743 2238 Tigridem
784 2163 833 2219 21.
854 2160 1001 2220 Plutarch.
1019 2161 1198 2225 Alcibiade.
1218 2171 1249 2230 17

142 2244 221 2304 haud
247 2242 348 2322 procul
374 2242 411 2300 ab
436 2241 553 2319 antiqua
580 2240 743 2310 distantem,
783 2240 938 2299 admodum
966 2242 1119 2304 iearaCalw
1147 2245 1184 2305 de
1211 2247 1248 2326 dil

143 2344 229 2404 qnam
242 2322 394 2382 Seleuciam
404 2320 511 2380 dictam
523 2319 637 2380 Plinius
648 2322 690 2379 H.
705 2322 745 2379 N.
784 2322 947 2381 militarium
958 2325 1092 2402 gradibus
1103 2339 1248 2406 usurpatur

143 2405 198 2477 VI,
213 2423 238 2465 c.
253 2408 302 2463 26.
322 2413 407 2461 vocat
421 2401 636 2460 chaldaicarum
649 2402 743 2480 genti·
785 2403 944 2483 uXenopli.
970 2405 1073 2485 Cyrop.
1097 2407 1137 2477 ΙΙ,
1163 2415 1188 2466 l.
1212 2415 1248 2469 10

144 2500 193 2544 um
212 2493 308 2563 caput.
349 2483 416 2543 Fuit
436 2484 504 2542 utba
523 2482 695 2560 amplissima
714 2493 745 2542 et
787 2485 896 2543 saca-i
914 2482 995 2543 Thea.
1011 2485 1114 2545 Eccles.
1130 2488 1164 2547 T.
1181 2485 1205 2547 Ι.
1223 2502 1248 2568 ρ’.

144 2565 342 2645 potentissima
374 2576 405 2624 et
438 2564 602 2643 provinciae
637 2563 743 2642 potius,
785 2565 824 2623 P.
832 2566 933 2624 Zornii
943 2566 1082 2646 opusculo
1094 2570 1147 2627 SS.
1157 2570 1192 2627 T.
1204 2571 1245 2630 Il.

144 2667 231 2727 quarn
257 2647 335 2705 urbis
362 2646 500 2704 ambitum
533 2644 643 2715 habuit,
670 2656 744 2704 teate
845 2643 979 2719 ΒΑΘΟΣ,
993 2673 1036 2717 ως,
1058 2647 1097 2719 τὲ,
1121 2655 1146 2707 l.
1170 2671 1248 2730 propr

144 2727 297 2789 Aristotele
319 2725 408 2786 Polit.
429 2727 485 2796 ΙΙΙ,
504 2746 531 2785 c.
545 2730 573 2784 2.
615 2724 701 2785 Unde
716 2727 744 2784 in
771 2728 922 2804 funditus,
937 2730 1116 2787 attribuitur
1137 2733 1234 2803 rebus,

143 2811 181 2869 N.
198 2811 232 2868 T.
247 2829 299 2888 pro
313 2820 374 2868 tota
395 2808 513 2884 regione
535 2806 744 2866 Chaldaeorum
784 2809 931 2867 mensione
958 2811 1100 2868 aestimari
1128 2813 1232 2872 solent.

143 2891 270 2970 ponitur.
312 2890 420 2948 Matth.
435 2892 459 2959 l,
477 2893 523 2947 ll.
540 2891 586 2946 l‘2.
604 2893 649 2950 17.
675 2890 744 2946 Act.
787 2887 871 2958 XIII,
896 2896 924 2949 5.
948 2889 989 2949 lai
1012 2898 1039 2949 ‘ri
1062 2896 1097 2966 pi
1121 2889 1183 2968 ἐ’χιιν
1202 2897 1248 2964 βιΊ

144 2972 214 3042 Vll,
229 2977 278 3031 43.
300 2971 353 3028 Est
366 2971 452 3030 etium
467 2970 534 3028 urbs
548 2968 678 3046 ejusdem
693 2988 744 3025 no·
786 2970 864 3046 quod
889 2990 947 3029 non
970 2972 1111 3029 haberent
1134 2984 1241 3034 terram

145 3053 229 3110 minis
253 3053 307 3110 sita
331 3053 359 3108 in
385 3055 532 3128 Aegypto,
547 3050 593 3107 vel
609 3052 745 3127 Aegypto
786 3049 862 3120 dam,
877 3071 928 3109 seu
951 3060 1050 3121 βαθεῖαι
1064 3061 1118 3125 γῆν,
1142 3075 1228 3131 quam

145 3133 288 3210 proxima,
318 3133 346 3189 in
373 3131 477 3188 tinibus
502 3132 636 3198 Arabiae,
661 3133 746 3206 juxta
783 3131 894 3208 judicat
922 3134 1066 3191 Lucienus
1095 3135 1226 3195 didicat.

147 3213 324 3289 Heliopoliu,
346 3232 384 3269 ex
408 3230 465 3289 qua
487 3211 569 3268 multi
593 3210 643 3268 viri
667 3210 747 3269 docti
788 3212 867 3270 Hinc
880 3215 956 3280 βάθος
971 3226 1001 3272 et
1018 3219 1085 3284 itali
1098 3216 1247 3299 designata

146 3291 393 3370 Petrumprimam
408 3290 645 3370 suamepistolam
658 3291 746 3368 scrip·
786 3300 870 3350 totone
895 3303 989 3353 terroe
1011 3318 1044 3353 ac
1065 3307 1197 3376 segetum.
1219 3320 1246 3358 v.

145 3371 214 3430 sisse
241 3372 416 3430 existimant.
459 3371 516 3430 Sed
541 3375 553 3433 i
577 3375 596 3431 ir
616 3370 746 3431 belutia
789 3373 900 3431 Gallim.
926 3377 968 3433 H.
990 3377 1020 3434 in
1046 3377 1247 3457 apuleae

147 3456 303 3521 witelmi,
328 3458 421 3530 quael
446 3452 524 3510 Petr.
540 3453 576 3520 V,
602 3457 647 3511 13.
668 3471 746 3509 com·
788 3454 923 3514 Andrum.
938 3463 1006 3515 633.
1029 3459 1122 3516 blare.
1137 3459 1190 3530 lV,
1205 3467 1234 3520 5.

146 3544 333 3603 memoratur,
358 3533 419 3590 sine
444 3532 532 3590 dubio
557 3542 601 3590 est
624 3533 748 3591 ecclesia
786 3535 809 3592 ri
827 3536 849 3591 si
865 3550 1025 3614 usurpatur,
1040 3560 1117 3598 intere
1135 3539 1247 3599 ultuma

147 3613 310 3683 christiana,
324 3633 398 3692 quae
415 3613 561 3691 Babylone
576 3614 605 3670 ia
629 3614 747 3692 Assyria
787 3614 860 3673 Luc.
875 3616 911 3686 V,
927 3625 956 3676 4⁴.
976 3622 1123 3693 ἐπανάγῃ.
1144 3629 1174 3687 εὶς
1189 3629 1247 3694 aa

147 3708 220 3764 erat,
234 3707 267 3753 et
285 3696 425 3773 originem
447 3713 527 3752 suam
548 3695 675 3753 debebat
694 3695 747 3753 Ju-
786 3696 891 3754 vehere
906 3699 934 3754 in
948 3699 1049 3757 altum.

146 3775 236 3846 daeis,
250 3776 309 3853 qui,
324 3795 375 3855 per
388 3775 704 3834 Nabuchodonosorum
719 3776 748 3833 in
808 3781 835 3835 2.
862 3779 921 3856 ipso
951 3789 1039 3850 terro,
1074 3804 1158 3860 petam
1191 3783 1247 3842 inlu

149 3856 297 3934 Assyriam
318 3856 447 3925 abducti,
469 3856 612 3917 beneficio
637 3856 747 3915 decreti
787 3858 871 3917 Rom.
889 3859 969 3928 Vlll,
986 3868 1033 3921 39.
1058 3864 1112 3923 aira
1132 3863 1232 3940 Vlup.

148 3937 218 4014 Cyri
232 3937 261 3994 in
275 3937 407 4014 pristinas
428 3936 512 3995 aedes
529 3937 669 3994 redeundi
690 3958 748 3995 non
786 3959 842 3997 nec
855 3941 967 3998 coelum
982 3962 1036 4001 uec
1051 3954 1137 4014 terra,
1160 3946 1190 4003 h.
1204 3965 1231 4003 a.

148 4019 192 4077 usi
213 4018 337 4077 fuerant.
377 4016 452 4076 Vide
481 4017 626 4076 Wetetenii
648 4019 688 4076 N.
713 4019 747 4077 T.
787 4039 823 4078 ne
838 4021 867 4076 in
881 4032 942 4079 tota
956 4043 1050 4081 rerum
1070 4036 1181 4084 natura.
1225 4028 1247 4086 C

149 4099 183 4157 Τ.
207 4099 247 4157 II.
274 4120 302 4178 p.
322 4103 394 4163 697.
432 4098 468 4156 In
491 4098 677 4176 Apocalypsl,
699 4100 747 4158 ubl
786 4121 845 4159 mus
868 4102 905 4159 ad
927 4103 955 4159 h.
969 4104 988 4159 l.
1011 4112 1056 4164 eati
1080 4111 1114 4163 ei
1130 4109 1149 4165 ἓν
1169 4114 1247 4179 tityi

147 4180 260 4257 saepius
274 4190 516 4239 commemoratur
526 4179 667 4258 Babylon,
681 4200 707 4239 v.
722 4200 748 4239 c.
785 4190 836 4248 τοῖς
861 4187 975 4264 algentia,
1000 4186 1065 4244 coll.
1086 4187 1141 4244 les.
1156 4174 1246 4259 vl1‚';

150 4260 232 4332 XIV,
248 4267 276 4321 8.
291 4261 373 4331 XVI,
390 4265 436 4321 19.
466 4258 563 4329 XVII,
577 4267 611 4320 5..
635 4260 748 4332 XVIII,
786 4263 863 4322 varic
886 4266 1045 4342 explicatur
1070 4267 1117 4324 hic
1142 4270 1246 4327 locus.

150 4349 178 4399 2.
196 4347 241 4402 10.
256 4347 305 4400 21.
324 4341 371 4399 alii
387 4343 519 4412 Romam,
540 4341 587 4399 alii
609 4340 747 4400 Hieroso·
785 4343 923 4420 pratibus.
965 4346 1025 4403 Alii
1039 4348 1114 4405 enim
1128 4353 1205 4418 peltae
1225 4350 1245 4408 d

148 4421 264 4497 lymam‚
292 4434 337 4492 et,
355 4432 387 4480 ut
408 4422 478 4479 mihi
503 4421 627 4492 videtur,
641 4422 748 4481 rectius
787 4436 817 4482 et
830 4424 989 4485 colornitote
1002 4429 1159 4507 explicant,
1184 4432 1245 4490 nixi

150 4499 441 4580 intelligendamesse
453 4502 596 4581 judicant.
788 4506 909 4571 CXXX,
927 4512 952 4565 l.
976 4509 1023 4566 alii
1047 4530 1115 4568 voro
1136 4511 1173 4570 de
1188 4512 1246 4571 reba

162 4648 166 4653 ⁴
211 4583 427 4654 BAeMdznt,
442 4589 464 4653 i,
482 4589 507 4643 l.
528 4583 659 4662 proprie:
676 4605 748 4664 gro·
785 4588 861 4645 nonin
884 4587 1032 4649 dolatilibus
1057 4591 1246 4671 interpretatu

149 4661 212 4731 alut,
224 4661 316 4735 duan.
358 4664 412 4722 Est
425 4654 539 4724 verbale
553 4684 571 4723 a
588 4664 662 4743 perf.
675 4684 749 4744 pass.
787 4668 859 4727 berti
874 4668 965 4728 Gloss.
980 4672 1020 4729 N.
1035 4673 1063 4730 T
1062 4673 1069 4731 .’
1082 4693 1111 4751 p.
1129 4678 1195 4735 105.
1208 4681 1237 4735 ei

88 4740 92 4751 '
149 4740 266 4820 alequas,
290 4762 418 4821 proquo
436 4745 546 4806 Dorice
567 4756 612 4806 est
624 4745 745 4827 [tilam.
787 4751 916 4834 taedente
928 4752 995 4834 pipi.
