3046 5496
802 523 844 602 'A
864 522 901 602 N
1274 524 1465 624 Ἀ’νανῇφω.

236 507 453 632 'adrapinam
516 534 521 542 ’
560 526 575 541 ”

217 688 285 759 opt.
312 685 443 761 diapsalmi
477 685 523 748 rim
552 678 618 747 3306.
652 706 702 757 pov
729 683 776 746 rel:
804 681 825 739 ir
867 686 955 739 sortiri
969 684 1000 746 εἷς
1013 684 1055 743 rio
1069 681 1124 756 ipis
1137 682 1269 757 ’ἀνάμνησιν
1288 681 1318 738 id
1337 681 1430 741 facite
1451 683 1484 742 ln

215 773 314 845 Χςιττᾷ
328 767 375 842 qui
391 764 469 822 vobis
485 764 513 820 ia
528 762 693 820 memoriam
709 780 826 819 revoca·
867 762 924 819 mei
949 761 1188 832 recordationem,
1209 783 1271 833 seu,
1293 773 1326 820 ut
1347 763 1486 822 habeatis

216 848 269 915 bit,
298 866 383 924 quarn
412 846 561 922 hucusque
592 842 761 900 methodum
795 844 825 899 in
866 842 983 920 aliquid,
999 863 1056 920 quo
1071 855 1182 919 gratam
1197 844 1253 901 mei
1264 846 1436 902 memoriam
1451 847 1481 904 in

217 928 358 986 tradenda
378 926 515 1003 religione
533 924 686 984 christiana
708 934 825 983 secutus
865 925 946 981 vobis
970 924 1113 982 excitetis.
1157 929 1169 982 l
1192 928 1259 983 Cor.
1281 926 1334 994 XI,
1359 929 1410 985 at.
1432 930 1480 987 95.

215 1008 330 1077 fuerim,
360 1019 410 1066 aut
444 1007 592 1065 doctrinae
627 1025 708 1063 meae
742 1024 824 1083 prae·
866 1005 959 1062 Hebr.
984 1006 1021 1074 X,
1045 1013 1072 1064 3.
1102 1007 1165 1065 ἀλλ’
1185 1009 1205 1065 ἐν
1225 1009 1316 1073 αὑταῖς
1349 1007 1479 1087 (scilicet

217 1102 312 1168 cepto.
354 1089 444 1166 Roglt
463 1100 570 1156 autem,
592 1098 625 1146 ut
643 1087 688 1144 vel
709 1106 747 1144 ex
762 1087 791 1143 ll.
805 1086 824 1143 l.
865 1086 983 1165 θυσίαις)
1014 1090 1146 1162 incipiat-:5
1168 1091 1295 1169 ἇμαςτιῖν
1323 1108 1377 1165 per
1405 1088 1478 1148 hoec

216 1183 346 1249 apparet,
361 1171 433 1227 duos
446 1169 634 1239 accusativos,
649 1168 690 1225 rei
711 1179 741 1226 et
759 1187 825 1245 per·
863 1168 1002 1226 sacriticia
1023 1170 1176 1245 quotannis
1196 1171 1390 1228 renovabatur
1411 1190 1478 1248 pec·

216 1271 314 1310 sarrae.
356 1251 482 1330 Xerzoplt.
502 1250 626 1307 Memor.
641 1249 697 1321 Ill,
712 1269 738 1306 c.
752 1256 781 1309 5.
798 1253 825 1326 gl.
865 1260 994 1307 catorum
1017 1250 1232 1308 commissorum
1256 1252 1406 1320 memoria,
1428 1253 1475 1310 ubi

217 1339 246 1393 9.
275 1335 407 1416 agapitam
428 1336 508 1390 arisit
531 1336 753 1408 drammatis-sorpta
777 1335 824 1390 rid·
863 1329 921 1388 vld.
950 1331 1126 1390 Wetsteat'us.
1169 1332 1249 1389 Hinc
1271 1333 1427 1410 aliquoties
1447 1332 1475 1390 ln
1496 1346 1498 1350 “

216 1415 282 1481 τούς.
325 1415 409 1473 Conf.
428 1411 588 1492 Wcsseling.
605 1411 643 1470 ad
662 1413 752 1469 Diod.
769 1412 824 1470 Sic.
866 1411 953 1469 Ale'x.
981 1431 1054 1470 vers.
1077 1416 1211 1490 ἀνάμνησις
1231 1414 1370 1472 hebraico
1398 1411 1476 1508 ᾑᾪῐ

217 1495 315 1564 XVII,
353 1502 398 1553 ¹0·
440 1493 571 1551 Medium
606 1497 824 1585 alael‘ll‘llfulw
863 1518 1023 1578 memoriale
1056 1523 1204 1599 parapsis-vm
1239 1521 1326 1579 Num.
1360 1521 1398 1591 Χ,
1431 1527 1474 1582 10.

216 1597 313 1635 revoco
336 1577 405 1634 ntilri
427 1576 486 1656 ipse
507 1573 616 1653 aliquid
638 1575 668 1632 ia
689 1594 823 1644 ammam,

217 1657 236 1714 i.
250 1677 277 1715 e.
302 1659 443 1728 recordor,
467 1658 599 1714 meritoria
623 1664 728 1734 repeto,
753 1674 824 1712 con-

216 1739 336 1796 struitur
349 1751 380 1796 et
394 1758 460 1796 cunr
474 1737 601 1814 genitivo
615 1748 722 1796 etcum
736 1755 824 1794 accu-

216 1819 306 1878 sativo
335 1821 385 1877 rei.
427 1819 520 1876 Marc.
544 1819 598 1889 XI,
621 1822 669 1876 91.
696 1824 741 1877 eal
763 1824 823 1876 tra-

216 1906 324 1978 pmrlrir
352 1906 363 1960 ὅ
396 1901 484 1983 uirga
513 1910 543 1957 et
577 1899 745 1957 recordatus
779 1909 824 1956 est

217 1982 321 2040 Petrus
343 1982 384 2040 rei
409 1994 517 2058 gestae.
543 1979 623 2049 XlV,
639 1983 687 2042 79.
708 1987 753 2039 καὶ
772 1986 823 2038 ἀισ-

216 2067 305 2139 pericla
329 2073 373 2123 τοῦ
399 2068 515 2144 ῥήματος.
557 2063 658 2120 9Οοῑ.
680 2060 748 2130 VII,
777 2065 823 2120 15.

215 2147 457 2221 drapaprsmpinv
482 2148 523 2205 τὲ,
546 2144 643 2201 trainam
668 2146 734 2217 ὑμῖν
756 2149 823 2202 ὑπα-

215 2229 278 2289 κοήν.
322 2224 413 2282 Hebr.
429 2223 466 2293 X,
481 2227 529 2282 39.
549 2226 757 2299 diaprasinam
777 2226 824 2287 τοὶς

216 2309 291 2386 argiri
306 2333 329 2363 n
343 2307 439 2386 Ιμὲςις.
466 2305 565 2362 Paullo
579 2304 662 2361 aliter
676 2314 824 2360 construc-

217 2397 278 2444 tum
304 2385 398 2462 egitur
412 2385 489 2461 apud
504 2386 620 2464 Lpsiam
637 2384 718 2440 Orat.
733 2382 756 2441 Ι.
770 2403 823 2461 pro

217 2467 307 2525 caede
331 2466 512 2523 Eratosthcn.
537 2486 563 2525 c.
584 2474 613 2526 5.
638 2465 823 2541 ἀναμιμνησκέ-

215 2574 283 2619 patra:
308 2545 342 2613 di,
368 2553 404 2606 ‘ort
425 2576 451 2605 rt.
465 2575 490 2605 r.
504 2564 530 2604 λ.
573 2547 606 2603 ln
635 2564 706 2602 vers.
736 2546 823 2603 Alex.

216 2627 294 2687 haud
315 2647 379 2686 raro
402 2637 433 2707 τῷ
456 2635 548 2710 Ἰᾞξη
572 2618 726 2705 respondet
748 2625 824 2684 Gen.

217 2736 301 2807 vm,
319 2741 344 2796 r.
366 2736 413 2795 rs.
428 2736 507 2807 cix,
525 2744 570 2795 rr.

235 2825 263 2875 2.
285 2818 393 2887 hortor,
414 2838 518 2876 oroneo.
560 2821 579 2875 9
601 2817 675 2874 Tim.
696 2815 721 2887 Ι,
743 2820 771 2875 6.
792 2813 823 2873 δι’

212 2893 240 2964 1»
264 2903 348 2959 mittit:
374 2900 552 2975 drammatis-arr
583 2899 627 2978 (ln
652 2897 712 2954 ollis
737 2895 822 2954 codd.

215 2979 413 3059 ὑπομιμνήσκει)
444 3005 470 3039 σι
494 2980 581 3057 igitur
605 2991 634 3036 te
656 2977 822 3054 gravissime

214 3061 315 3120 hortor
342 3073 372 3120 et
399 3078 512 3117 manca.
555 3060 618 3118 Nec
653 3060 736 3116 aliter
769 3058 823 3134 ipsi

214 3143 332 3212 Graeci,
360 3141 437 3218 apud
465 3159 536 3216 quos
571 3159 636 3197 com
664 3167 703 3198 rea
719 3145 823 3197 azanio

212 3232 404 3299 permutatur,
439 3240 466 3276 v.
501 3239 527 3276 c.
561 3221 638 3297 apud
672 3167 821 3277 Piutarclt.

215 3301 299 3359 Tom.
321 3300 361 3370 ll,
382 3321 409 3378 p.
432 3305 480 3358 33.
501 3300 538 3371 ἔφ’
559 3299 642 3365 tidonis
665 3308 823 3380 παιςακαλιῒν

213 3391 259 3439 :tal
280 3381 472 3455 α’ναιμιμνῆσκειν
492 3379 648 3462 civerim-hrt,
670 3400 756 3457 quem
780 3381 822 3437 lo-

215 3479 282 3518 cum
310 3461 404 3520 debeo
432 3462 567 3541 Dresigt'o
595 3463 757 3520 Comment.
785 3461 822 3520 de

215 3540 322 3600 Verbis
334 3542 416 3601 Med.
430 3563 459 3620 p.
475 3547 542 3603 166.

268 3623 512 3694 ’ANXMNH212,
537 3649 588 3694 rar,
613 3626 635 3692 i,
660 3623 718 3682 lata
742 3637 823 3701 patet

215 3707 291 3781 apud
306 3705 435 3764 Graecos
449 3717 479 3764 et
500 3725 558 3763 non
578 3706 672 3762 solum
692 3708 817 3764 recorda·

214 3786 325 3856 timrem,
340 3788 510 3857 memoriam,
524 3787 755 3845 reminiscentiam
771 3807 822 3845 no·

215 3877 268 3938 tat,
282 3867 333 3926 sed
354 3869 441 3926 etiam
454 3869 542 3946 ipsam
557 3869 691 3926 actionem
706 3889 822 3928 cammo-

214 3950 373 4026 mssrcicndi
385 3947 483 4019 aliam,
498 3969 550 4007 seu
563 3950 603 4018 ia,
618 3950 693 4028 qaod
702 3950 755 4007 nim
770 3950 822 4008 ha-

214 4027 259 4087 det
272 4029 357 4089 alteri
376 4029 486 4109 aliquid
503 4031 533 4088 in
558 4031 717 4088 memoriam
743 4052 822 4090 reco-

214 4113 298 4170 candi
323 4112 475 4190 significat,
503 4125 535 4169 ut
555 4112 628 4170 adeo
648 4113 758 4170 nullum
786 4113 823 4171 sit

213 4191 367 4251 discrimen
389 4194 468 4263 illud,
491 4194 569 4271 quod
593 4194 669 4251 inter
690 4197 822 4268 arripare<

214 4285 244 4330 et
266 4282 398 4352 ὑπόμνησις
414 4276 576 4334 Ammonias
597 4275 633 4333 de
655 4274 821 4333 differentiis

213 4357 365 4415 verborum
386 4358 491 4435 posuit,
512 4376 600 4434 quum
621 4357 739 4414 scribit:
760 4358 822 4414 ἀκέ-

212 4461 307 4510 peruris,
323 4443 381 4497 'arar
395 4446 433 4505 riq
443 4436 498 4504 'iaia
513 4445 543 4502 u'r
557 4437 649 4512 palpem
663 4443 709 4496 τόι
723 4455 820 4518 ragra-

213 4517 307 4573 δόντων·
330 4522 462 4595 ὐπέμιησις
486 4507 521 4589 di,
543 4524 601 4577 irat
624 4520 667 4591 ὑφ’
688 4520 765 4601 ἕτίςου
788 4526 819 4585 tir
861 4574 868 4587 ‚

212 4604 286 4656 τοῦτο
299 4606 423 4680 πραχθῇ.
465 4601 647 4659 Contrarium
660 4601 819 4680 Hesychius

212 4676 309 4747 (locet,
331 4679 379 4755 qul
399 4683 530 4756 ἀνάμνησις
550 4701 602 4759 per
624 4684 755 4758 irriprartq
776 4681 819 4738 ln·

211 4768 384 4838 terpretatus
398 4772 451 4820 est.
481 4760 555 4820 Luc.
570 4761 667 4836 XXII,
684 4768 732 4827 19.
744 4771 818 4829 τοῦτο
870 4820 878 4840 ,

842 1601 950 1662 etiam
979 1608 1071 1684 't'n'tt't
1106 1603 1210 1660 Psalm.
1245 1602 1421 1675 XXXVIII,
1450 1611 1476 1662 Ι.

865 1707 957 1779 LXX,
976 1717 1002 1768 l.
1016 1702 1181 1788 respondet.

918 1789 1118 1862 'ausuram
1133 1797 1161 1863 a,
1171 1792 1225 1850 fut.
1235 1793 1300 1863 teu,
1318 1797 1345 1851 1.
1359 1793 1475 1872 proprie

864 1889 949 1929 sensu
974 1873 1115 1951 physIco:
1144 1894 1255 1942 renovo,
1280 1882 1422 1945 restauro,
1446 1887 1477 1934 et

864 1964 1018 2030 usurpatur
1031 1954 1156 2011 maxime
1174 1955 1210 2012 de
1231 1953 1323 2024 rebus,
1337 1965 1477 2014 uetustate

864 2034 1014 2113 corruptis.
1056 2034 1105 2092 Sic
1129 2036 1156 2092 vi
1185 2054 1211 2093 c.
1238 2036 1305 2093 Job.
1329 2035 1478 2108 XXXIII,

865 2117 913 2172 21.
939 2114 1027 2173 Alex.
1052 2117 1175 2175 &tartara
1196 2115 1221 2176 di
1240 2121 1319 2176 κὺτοῦ
1340 2123 1369 2175 τὶ
1390 2123 1479 2195 οἶμαι,

864 2196 945 2276 iira'tg
959 2196 1066 2266 α’λοιφῖιν
1081 2199 1121 2256 ἐπὶ
1135 2200 1232 2275 τοίχου.
1273 2197 1392 2256 Deinde
1407 2218 1478 2257 vero

864 2277 1080 2353 metaphorice:

885 2359 913 2413 9.
934 2367 1051 2415 vetarem
1075 2359 1258 2417 conditionem
1284 2357 1407 2440 alicrtjas
1434 2363 1478 2420 rei

863 2435 970 2508 chalco,
984 2438 1014 2496 in
1029 2437 1167 2498 meliorem
1181 2450 1286 2498 statam
1300 2451 1327 2498 et
1338 2443 1476 2503 conditio·

863 2539 924 2576 nan
940 2520 1047 2598 redigo,
1058 2533 1089 2578 et
1102 2520 1267 2598 speciatim:
1282 2522 1398 2582 immuta
1413 2525 1476 2583 ani·

863 2620 947 2670 mum,
981 2601 1035 2658 oin:
1070 2602 1225 2681 cogitandi,
1259 2604 1411 2675 sentiendi,
1446 2616 1474 2664 ct

863 2681 975 2760 agendi.
1019 2682 1069 2740 Sic
1088 2683 1194 2759 legitur
1220 2682 1329 2762 Ephes.
1353 2685 1409 2757 IV,
1427 2690 1476 2747 93.

862 2763 1018 2823 &restrictas
1038 2756 1064 2822 di
1084 2772 1118 2842 mi
1139 2764 1261 2841 arripare
1282 2774 1327 2825 τοῦ
1342 2773 1390 2834 »οὖς
1407 2773 1474 2846 ὑμῶν

863 2855 896 2900 ut
923 2862 1013 2902 novos
1047 2845 1132 2923 plane
1160 2858 1190 2902 et
1217 2867 1269 2923 per
1304 2847 1478 2926 religionem

864 2924 1045 2984 christianam
1068 2927 1236 2984 emendatos
1256 2947 1358 2986 sensus
1379 2949 1475 2989 suma·

863 3005 907 3063 tis.
951 3006 999 3063 Sic
1016 3007 1151 3065 Antonin.
1172 3007 1209 3065 ad
1223 3027 1254 3066 se
1268 3009 1362 3086 ipsum
1380 3009 1473 3071 1V.e.

863 3093 890 3144 3.
916 3093 1022 3163 συνεχός
1047 3085 1087 3148 ori:
1111 3087 1178 3147 >aba
1204 3098 1300 3167 παυτᾷ
1319 3092 1412 3156 ratim
1433 3097 1475 3156 τὶν

862 3170 1024 3248 alraexoignrrr,
1038 3175 1083 3228 καὶ
1097 3171 1195 3229 niratica
1208 3177 1317 3230 marti.
1360 3173 1407 3230 Ila
1421 3174 1476 3231 eti-

862 3267 908 3305 am
936 3250 1012 3332 tl'Jt't
1034 3251 1080 3308 Ps.
1093 3250 1145 3321 LI,
1164 3257 1208 3308 10.
1229 3251 1276 3309 cui
1297 3255 1400 3314 arania
1415 3274 1474 3313 res-

862 3357 980 3434 pondet,
1002 3359 1088 3416 etiam
1110 3359 1139 3416 in
1163 3360 1322 3440 Symmachi
1346 3363 1476 3442 reliquiis

863 3438 930 3495 dob.
945 3440 1056 3510 XXIX,
1072 3446 1119 3499 90.

916 3517 1118 3588 ἈΝΑΝΙΙΦΩ,
1140 3521 1192 3579 fut.
1206 3523 1273 3596 ἥψω,
1299 3529 1324 3582 l.
1338 3526 1474 3604 proprie:

862 3601 902 3657 ad
920 3601 1094 3660 sobrietatem
1117 3604 1209 3672 redeo,
1224 3625 1257 3661 ea
1278 3605 1414 3665 ebrictate
1435 3608 1477 3666 ad

861 3702 904 3739 me
918 3685 1010 3753 redeo,
1023 3682 1167 3763 crapulam
1181 3695 1209 3742 et
1225 3695 1368 3744 oeternum
1391 3709 1474 3747 erru-

861 3764 911 3821 tio.
933 3764 1077 3844 Porphpr.
1099 3766 1136 3823 de
1159 3767 1324 3825 Abstinent.
1350 3769 1404 3840 IV,
1425 3774 1473 3830 90.

863 3846 942 3911 irari:
955 3848 1025 3923 pita,
1039 3846 1175 3920 drasidas
1204 3849 1325 3907 Luciam.
1348 3852 1474 3910 Hermo·

860 3925 920 3983 tim.
935 3932 983 3986 83.

883 4014 911 4065 9.
932 4028 984 4084 per
1011 4009 1228 4087 metaphoram:
1259 4012 1299 4068 ad
1320 4013 1474 4072 :acritatem

862 4089 961 4145 mentis
975 4090 1066 4159 redeo,
1089 4111 1130 4148 me
1152 4092 1254 4170 recipio
1275 4103 1301 4149 et
1322 4092 1426 4174 colligo
1440 4116 1475 4153 es

862 4190 1026 4249 quacunque
1040 4172 1147 4229 deinum
1159 4173 1385 4251 perturbatione.
1428 4176 1476 4234 Ita

862 4250 983 4307 sumitur
1002 4258 1019 4307 9
1036 4253 1110 4309 Tim.
1125 4253 1165 4322 ll,
1181 4259 1229 4314 96.
1249 4261 1294 4313 arti
1314 4256 1475 4329 &tavialum

862 4334 887 4390 bt
901 4339 943 4397 τῆς
957 4341 1002 4391 τοῦ
1015 4330 1132 4392 dtassittov
1146 4334 1253 4408 caplim
1274 4348 1306 4394 et
1320 4336 1357 4394 ad
1371 4357 1472 4396 sanam

860 4423 987 4470 mentem
999 4414 1118 4473 redeant
1127 4415 1231 4473 diaboli
1239 4420 1376 4494 potestati
1388 4439 1473 4498 erep-

861 4494 892 4552 ti.
935 4494 983 4552 Sic
998 4497 1085 4553 etiam
1106 4497 1203 4555 Marc.
1218 4499 1357 4557 Antonin.
1380 4500 1416 4558 ad
1438 4519 1471 4559 se

859 4594 952 4653 Ipsum
974 4575 1028 4648 Vl,
1050 4582 1097 4637 31.
1131 4581 1236 4651 cimitata
1263 4586 1309 4640 zat
1336 4583 1473 4641 α’)κκᾶλον

859 4662 970 4719 macrii.
990 4660 1111 4718 Luciam
1125 4660 1159 4717 dc
1175 4659 1279 4719 Saltat.
1290 4667 1339 4720 48.
1352 4663 1471 4743 Joseplt.

861 4739 898 4796 Α.
911 4741 944 4798 .Ι.
965 4739 1018 4812 VI,
1036 4747 1082 4802 ll·
1099 4746 1145 4803 10.
1163 4743 1238 4818 μέλις
1263 4746 1289 4804 bt
1309 4748 1357 4803 mir
1380 4748 1470 4828 Spina

858 4821 1061 4900 euridanus

1282 4903 1469 4980 'anamma
