3046 5496
840 594 896 674 xii

238 779 357 864 multa
382 788 492 864 etiam
521 789 561 866 in
590 814 716 868 eorum
740 789 852 867 libros
877 817 900 868 e
928 792 977 868 V.
995 792 1043 868 Τ.
1060 795 1235 870 translata
1251 792 1494 893 reperiuntur,

239 929 324 978 cum
358 907 628 1005 proposuissem
658 906 761 998 mihi,
794 907 921 1007 quavis
948 907 1071 984 oblata
1099 910 1306 999 occasione,
1348 910 1496 1000 docere,

238 1020 369 1116 quibus
386 1021 639 1119 interpretatio
655 1019 834 1096 formulae
850 1021 1026 1120 loquendi
1043 1036 1082 1098 et
1097 1025 1198 1099 vocis
1217 1022 1392 1122 cujusque
1411 1049 1499 1099 con·

236 1131 400 1209 firmetur
417 1147 456 1210 et
472 1137 675 1212 stabiliatur
699 1136 915 1226 rationibus,
944 1137 1141 1235 diligenter
1158 1137 1359 1213 orationem
1378 1138 1429 1212 N.
1448 1138 1497 1216 T.

235 1272 321 1322 cum
338 1249 486 1348 linguae
503 1252 695 1327 hebraicae
711 1253 959 1326 monumentis
983 1252 1241 1350 antiquissimis
1266 1264 1306 1328 et
1321 1253 1496 1328 versioni-

233 1363 302 1440 bus
319 1366 460 1462 graecis
477 1365 525 1442 V.
545 1366 592 1440 T.
610 1368 778 1442 omnibus
795 1367 848 1442 ita
865 1367 1020 1457 contuli,
1044 1379 1088 1441 ut
1114 1368 1250 1465 ubique
1279 1367 1357 1442 fere
1384 1392 1496 1444 voces

229 1476 420 1561 hebraicas
437 1493 615 1568 notarem,
642 1482 773 1579 quibus
797 1506 953 1580 graecae
981 1481 1021 1555 in
1052 1482 1101 1556 N.
1121 1482 1168 1556 T.
1195 1493 1234 1555 et
1249 1482 1494 1580 interpretum

227 1618 448 1692 graecorum
461 1596 509 1670 V.
528 1596 574 1670 T.
593 1596 693 1670 libris
709 1596 945 1695 respondent,
976 1608 1014 1670 et
1030 1596 1114 1671 loca
1129 1608 1254 1671 textus
1271 1597 1435 1672 hebraici
1453 1610 1494 1674 et

229 1710 356 1808 graeci
372 1710 536 1786 afferrem
553 1711 700 1800 idonea,
728 1711 911 1786 utstatim
935 1710 1186 1809 intelligerent
1207 1708 1399 1802 Lectores,
1425 1736 1493 1787 cur

226 1850 339 1900 uoces
356 1837 396 1899 et
411 1824 589 1900 formulae
606 1825 781 1923 loquendi
794 1824 892 1900 haud
902 1851 1043 1924 paucae
1060 1827 1099 1898 in
1113 1826 1162 1900 N.
1181 1825 1228 1898 T.
1241 1827 1316 1899 vim
1330 1827 1492 1903 habeant

223 1964 360 2017 novam
378 1951 418 2015 et
434 1939 589 2015 Graecis
606 1941 823 2018 inauditam.
873 1941 1040 2016 Eandem
1066 1943 1113 2016 ob
1141 1965 1303 2032 causam,
1327 1942 1491 2019 maxime

225 2067 363 2141 autem,
391 2067 433 2129 ut
449 2067 642 2154 appareret
658 2058 841 2147 omnibus,
865 2067 1043 2156 quantum
1073 2056 1247 2130 orationis
1263 2080 1420 2153 graecae
1438 2057 1489 2132 N.

226 2168 275 2245 T.
301 2181 433 2244 natura
461 2182 500 2244 et
526 2171 668 2245 indoles
694 2170 879 2269 discrepet
908 2173 953 2247 ab
983 2172 1134 2269 ingenio
1162 2169 1311 2269 linguae
1339 2173 1487 2259 atticae,

222 2282 371 2357 laudavi
388 2285 520 2381 passim
547 2284 882 2359 Grammaticorum
908 2297 1089 2376 veterum,
1122 2286 1277 2360 Thomae
1293 2288 1486 2382 Magistri,

223 2399 437 2493 Phrynichi,
463 2401 644 2472 Moeridis
661 2399 888 2501 aliorumque
906 2401 952 2474 de
968 2400 1117 2497 linguae
1133 2425 1288 2497 graecae
1307 2411 1345 2474 et
1362 2402 1489 2500 singu-

221 2511 340 2587 larum
369 2511 448 2610 ejus
469 2538 604 2586 vocum
628 2514 790 2611 puritate
814 2514 937 2600 libros,
964 2515 1033 2589 hac
1051 2526 1177 2590 tamen
1194 2517 1365 2590 cautione
1383 2517 1488 2591 adhi-

220 2630 309 2716 bita,
336 2640 379 2704 ut
396 2630 598 2703 eorundem
615 2654 762 2727 quoque
780 2653 931 2716 errores,
959 2655 981 2702 a
1006 2630 1091 2702 viris
1116 2629 1335 2704 doctissimis
1360 2643 1487 2706 nostra

217 2745 257 2821 in
274 2745 400 2843 primis
424 2757 544 2819 aetate
569 2743 748 2829 detectos,
774 2742 888 2818 libere
922 2754 1099 2818 notarem.
1151 2743 1369 2841 Quanquam
1395 2770 1485 2820 vero

218 2884 345 2936 eorum
364 2859 501 2958 opinio,
527 2859 589 2956 qui
607 2860 810 2933 orationem
827 2848 998 2957 graecam
1016 2859 1066 2933 N.
1085 2857 1132 2931 T.
1151 2882 1229 2932 esse
1248 2857 1483 2956 castigatissi-

214 2999 315 3052 mam
333 3000 377 3049 ac
393 2975 622 3073 purissimam
641 2974 727 3049 olim
754 2975 1037 3059 contenderunt,
1069 2974 1210 3048 dudum
1236 2972 1386 3070 explosa
1411 2986 1482 3065 est,

215 3103 341 3164 tamen
360 3090 440 3163 etii
458 3090 547 3161 mihi
560 3091 598 3160 in
616 3111 737 3162 errore
754 3087 968 3184 gravissimo
985 3086 1118 3161 versari
1137 3111 1279 3185 semper
1295 3087 1362 3159 visi
1380 3101 1479 3176 sunt,

214 3205 294 3302 qui,
320 3202 421 3277 nullo
437 3202 546 3300 plane
563 3202 772 3277 discrimine
789 3213 954 3298 agentes,
981 3226 1127 3275 omnem
1141 3202 1190 3274 N.
1209 3201 1254 3274 T.
1274 3201 1479 3278 orationem

213 3343 294 3394 esse
312 3341 412 3390 mere
429 3317 636 3392 hebraicam
655 3315 852 3413 etlinguae
862 3341 1017 3414 graecae
1035 3315 1225 3390 scientiam
1237 3315 1378 3388 nullum
1397 3341 1478 3391 esse

213 3431 525 3528 interpretationis
543 3431 592 3505 N.
611 3430 657 3504 T.
677 3429 930 3528 adjumentum
942 3431 1187 3504 necessarium
1204 3429 1365 3503 clamant
1382 3431 1479 3504 aliis·

213 3572 286 3645 que
302 3547 522 3645 persuadere
539 3558 732 3621 conantur.
784 3546 915 3642 Igitur,
934 3558 977 3620 ut
992 3545 1124 3644 partim
1141 3557 1346 3643 appareret,
1363 3571 1476 3643 quam

211 3685 328 3736 vanae
345 3661 419 3734 sint
434 3661 503 3736 hae
520 3686 640 3746 voces
668 3685 763 3759 quae
788 3662 989 3735 etiamnum
1015 3659 1213 3733 multorum
1233 3683 1302 3733 ore
1329 3659 1477 3757 jactan-

210 3788 283 3862 tur,
310 3777 443 3875 partim
460 3801 546 3851 vero
563 3775 704 3851 nullum
723 3788 1021 3852 ornamentorum
1037 3799 1155 3872 genus
1172 3775 1211 3848 in
1228 3775 1370 3851 Lexico
1388 3803 1474 3853 meo

210 3891 490 3978 desideraretur,
517 3894 627 3967 etiam
653 3893 724 3967 hoc
751 3894 825 3990 egi,
850 3905 905 3983 ut,
931 3891 1086 3988 vestigia
1114 3891 1318 3987 exquisitae
1349 3903 1388 3966 et
1404 3919 1472 3992 pu-

206 4030 271 4084 rae
300 4007 473 4079 orationis
502 4030 657 4104 graecae
687 4008 726 4080 in
756 4008 805 4080 N.
825 4007 872 4080 T.
902 4007 1002 4080 haud
1031 4030 1112 4079 raro
1137 4006 1298 4104 reperiri,
1326 4007 1471 4082 idoneis

208 4119 399 4218 exemplis,
425 4144 472 4194 ex
489 4121 733 4219 Scriptoribus
749 4120 892 4218 graecis
909 4121 1071 4194 omnium
1095 4131 1258 4194 aetatum
1283 4120 1469 4214 adductis,

205 4232 344 4333 ubique
360 4233 438 4308 fere
455 4234 752 4308 demonstrarem.
805 4234 999 4309 Praeterea
1023 4259 1183 4331 qnoque,
1208 4247 1264 4325 ut,
1281 4235 1419 4311 nullam
1445 4265 1468 4313 a

205 4374 267 4422 me
285 4350 473 4424 notionem
490 4361 627 4424 temere
651 4349 775 4424 fictam
801 4375 894 4441 esse,
919 4349 980 4422 alii
1010 4374 1155 4446 quoque
1184 4365 1466 4448 cognoscerent,

203 4463 399 4560 compilavi
431 4463 595 4562 perlecta
627 4490 649 4539 a
681 4490 741 4540 me
771 4465 906 4554 omnia,
949 4489 1042 4561 quae
1076 4476 1236 4552 exstant,
1280 4466 1465 4541 Glaesaria

199 4602 344 4673 graeca,
387 4581 545 4655 maxime
575 4582 621 4655 ab
647 4581 845 4676 Hesychia,
884 4579 1007 4665 Suida,
1045 4582 1263 4666 Phanorino,
1303 4582 1462 4656 Auctore

200 4693 439 4792 Etymologiri
466 4697 605 4792 Magni
632 4695 782 4795 aliisque
812 4694 982 4783 collecta,
1009 4720 1094 4770 cnm
1111 4696 1149 4769 in
1165 4696 1256 4771 locis
1281 4696 1336 4785 iis,
1364 4722 1459 4796 quae
