3046 5496
818 566 846 626 X

209 728 352 824 ⁴summa
385 748 480 824 illius
513 749 673 825 utilitate
712 754 750 821 et
781 745 1006 846 praestantia
1047 736 1215 837 edoctuS,
1248 741 1465 819 existimavi.

213 862 284 937 His
301 866 468 939 subsidiis
485 866 695 950 instructus,
714 862 886 961 perlectis
902 861 1009 953 ade0,
1030 887 1077 936 ne
1095 862 1184 960 quid
1207 858 1467 961 praetermisis-

211 1000 251 1052 se
283 979 440 1070 viderer,
473 1004 548 1054 non
582 980 660 1053 sine
694 977 793 1052 omni
826 988 951 1050 tamen
984 977 1121 1066 taedio,
1155 976 1336 1065 omnibuS,
1372 995 1466 1069 quae

210 1103 370 1183 exstant,
388 1093 536 1168 Lexicis
559 1093 608 1167 N.
627 1094 673 1168 T.
692 1092 740 1166 ad
765 1092 884 1189 ipsum
911 1116 1047 1167 novum
1077 1090 1287 1165 thesaurum
1316 1089 1467 1186 linguae

210 1228 364 1300 graecae
382 1207 431 1281 N.
449 1208 496 1281 T.
520 1207 772 1282 adornandum
798 1216 836 1280 et
861 1205 1062 1304 parandum
1093 1207 1244 1296 accessi,
1274 1205 1312 1277 in
1342 1226 1466 1300 quem,

209 1316 368 1393 instituti
385 1323 457 1395 mei
474 1347 518 1397 ac
537 1321 677 1396 consilii
693 1322 789 1395 bene
815 1344 968 1409 memor,
987 1320 1135 1393 servatis
1161 1320 1254 1393 adeo
1279 1316 1465 1390 interdum

209 1430 363 1505 aliorum
388 1437 521 1526 verbiS,
539 1461 665 1509 omnes
690 1434 860 1509 transtuli
886 1434 1023 1531 copiaS,
1040 1434 1170 1530 quibus
1195 1428 1465 1528 interpretatio·

210 1568 296 1619 nem
322 1549 371 1622 N.
398 1550 444 1623 T.
471 1551 746 1648 grammaticam
772 1547 934 1646 adjuvari
959 1570 1064 1644 posse
1089 1549 1275 1645 putabam,
1302 1555 1346 1617 ut
1371 1543 1464 1616 adeo

210 1662 301 1735 nihil
318 1663 394 1738 fere
411 1666 450 1738 in
467 1668 567 1741 omni
584 1667 654 1740 hoc
680 1665 774 1740 libro
799 1663 1014 1762 reperiatur,
1041 1665 1140 1761 quod
1163 1662 1247 1761 jure
1277 1685 1399 1734 meum
1427 1670 1467 1732 et

210 1801 344 1851 novum
363 1780 544 1878 appellare
567 1781 712 1879 possim,
732 1778 918 1876 undeque,
936 1779 965 1851 si
984 1778 1180 1876 colligendi
1207 1801 1343 1861 curam,
1364 1776 1465 1871 dige-

210 1890 315 1964 rendi
333 1893 558 1991 diligentiam
578 1906 616 1968 et
634 1893 799 1968 delectus
817 1892 1024 1967 cautionem
1048 1888 1222 1989 excipias,
1250 1890 1297 1964 ad
1314 1912 1373 1964 me
1391 1888 1466 1961 ulla

160 2063 164 2073 .
210 2005 331 2102 aliqua
347 2006 425 2080 laus
442 2033 528 2082 vera
552 2008 759 2082 redundare
784 2007 910 2106 possit.
963 2006 1134 2104 Inprimis
1161 2017 1284 2079 autem
1310 2028 1364 2089 ea,
1393 2027 1465 2100 qua

209 2120 316 2216 potui
342 2120 543 2218 diligentia,
570 2147 645 2195 non
671 2121 786 2195 solum
813 2121 903 2210 vidi,
928 2131 970 2192 ut
995 2119 1095 2192 nulla
1118 2144 1205 2209 vox,
1230 2117 1330 2189 nulla
1354 2116 1464 2217 parti·

210 2234 293 2308 cula
310 2247 349 2309 et
364 2235 538 2334 loquendi
562 2235 721 2310 formula
737 2236 786 2310 N.
805 2235 852 2309 T.
878 2234 1041 2332 genuina
1066 2246 1104 2307 et
1121 2258 1208 2307 vera
1232 2232 1463 2306 omitteretur

209 2359 249 2421 et
265 2348 404 2423 intacta
421 2351 701 2449 relinqueretur,
729 2351 795 2424 sed
821 2351 931 2424 etiam
957 2352 1091 2424 notatis
1117 2351 1297 2438 omnibus,
1323 2349 1352 2420 si
1379 2373 1464 2446 ope-

208 2485 270 2536 rae
287 2464 443 2560 pretium
463 2477 555 2555 erat,
580 2465 744 2538 omnium
769 2489 902 2538 vocum
920 2463 1229 2561 formularumque
1246 2463 1336 2536 locis
1354 2475 1393 2536 et
1410 2489 1465 2537 se·

209 2576 329 2666 dibus,
354 2577 537 2653 indicibus
554 2580 604 2652 N.
622 2579 668 2651 T.
691 2594 782 2675 quos
808 2577 1086 2671 concordantias
1111 2577 1223 2675 vulgo
1247 2589 1397 2667 vocant,
1421 2589 1464 2650 ut

208 2692 435 2789 supersederi
457 2693 584 2791 possit,
607 2677 751 2766 efficere
768 2691 974 2765 allaboravi.
1027 2691 1071 2763 ln
1098 2690 1248 2788 singulis
1272 2715 1360 2763 vero
1385 2713 1463 2764 ver·

208 2807 274 2892 bis,
301 2807 487 2882 vocabulis
505 2819 544 2881 et
559 2806 735 2906 loquendi
751 2805 916 2880 formulis
934 2805 1158 2903 explicandis
1176 2830 1373 2903 earumque
1399 2831 1462 2879 no-

207 2920 368 2995 tionibus
397 2923 665 2996 constituendis
694 2946 842 3019 operam
873 2919 973 3008 dedi,
1002 2931 1045 2992 ut
1060 2920 1217 3017 primum
1238 2919 1338 2993 nulla
1354 2919 1462 2992 ullius

208 3034 308 3106 vocis
338 3035 554 3132 significatio
584 3049 623 3108 et
651 3035 716 3120 vis,
745 3033 887 3108 idoneis
916 3033 1141 3130 argumentis
1166 3036 1414 3131 comprobata,
1440 3057 1463 3105 a

207 3170 267 3220 me
285 3150 540 3240 omitteretur;
567 3149 716 3237 deinde,
732 3160 786 3235 ut,
818 3161 994 3246 quantum
1011 3150 1118 3221 unius
1136 3150 1290 3221 hominis
1308 3149 1463 3247 diligen-

207 3260 261 3334 tia
277 3261 419 3337 efficere
437 3264 548 3353 valet,
574 3264 619 3337 ab
638 3263 754 3337 allatis
771 3262 1095 3360 significationibus
1113 3275 1151 3336 et
1168 3263 1393 3360 singulorum
1410 3263 1461 3336 lo-

209 3400 334 3450 corum
348 3380 707 3477 interpretationibus
724 3380 842 3452 omnis
859 3382 1002 3455 abesset
1018 3380 1219 3453 obscuritas
1233 3392 1271 3453 et
1283 3381 1461 3483 ambigui·

207 3503 277 3579 tas,
288 3516 380 3589 quae
398 3494 574 3591 impedire
591 3495 716 3590 possit,
732 3494 937 3591 quominus
955 3494 992 3564 in
1010 3495 1193 3567 mentibus
1211 3494 1391 3568 lectorum
1409 3494 1457 3567 N.

207 3603 255 3678 T.
284 3606 443 3680 existant
459 3608 636 3705 imagines
653 3632 778 3681 earum
807 3632 942 3698 rerum,
972 3634 1060 3705 quas
1078 3609 1295 3706 scriptorum
1320 3607 1459 3681 divino·

205 3742 287 3792 rum
305 3722 488 3794 mentibus
497 3723 704 3795 bbversatas
721 3720 832 3796 fuisse
845 3721 1032 3820 probabile
1042 3734 1109 3795 est.
1153 3721 1336 3794 Sollicitus
1347 3722 1458 3795 etiam

205 3833 305 3907 baud
329 3859 456 3931 parum
487 3834 540 3907 fui
566 3837 612 3910 de
639 3836 852 3933 diligentius
877 3838 1088 3935 digerendis
1106 3849 1144 3911 et
1161 3838 1371 3911 ordinandis
1388 3839 1458 3934 sig-

203 3947 487 4037 nificationibus,
499 3949 631 4045 partim
649 3949 845 4023 memoriae
856 3949 1097 4046 adjuvandae,
1114 3951 1246 4048 partim
1263 3963 1460 4026 accuratae

114 4071 115 4074 ’
203 4060 351 4161 linguae
364 4087 519 4160 graecae
545 4063 593 4135 N.
613 4062 660 4136 T.
679 4062 899 4158 cognitionis
923 4065 1194 4160 promovendae
1221 4089 1355 4156 causa;
1384 4091 1457 4162 quo

201 4179 282 4275 ipso
299 4176 427 4253 ordine
452 4191 553 4253 certe
579 4179 619 4250 in
646 4177 828 4274 plerisque
846 4179 997 4251 vocibus
1022 4179 1165 4252 efficere
1183 4191 1336 4254 conatus
1362 4206 1456 4272 sum,

202 4302 259 4381 ut,
284 4294 467 4389 quomodo
484 4317 530 4367 ex
547 4292 664 4390 prima
681 4303 719 4364 et
734 4292 879 4388 propria
897 4292 1072 4389 cujusque
1089 4294 1189 4367 vocis
1206 4296 1356 4369 notione
1375 4322 1455 4370 cae-

202 4415 301 4478 terae
327 4406 508 4482 deductae
532 4406 681 4492 fuerint,
708 4418 773 4480 aut
798 4419 898 4480 certe
924 4408 1115 4481 commode
1141 4408 1275 4482 deduci
1301 4412 1455 4507 possint,

202 4519 368 4618 quilibet,
393 4524 503 4597 etiam
528 4523 648 4597 minus
674 4522 909 4610 exercitatus,
938 4521 1063 4596 videre
1092 4524 1217 4620 possit.
1269 4525 1314 4598 In
1344 4551 1454 4622 quae·

200 4635 323 4720 reudis
349 4661 435 4714 vero
466 4639 582 4715 causis
612 4649 651 4715 et
675 4635 895 4713 inveniendo
921 4661 1019 4713 nexu
1037 4636 1341 4736 significationum
1361 4641 1452 4740 ejus·
