3046 5496
759 598 821 672 xvi

152 799 226 873 suis
242 797 332 873 locis
348 795 506 884 insertis,
536 817 668 868 novam
685 795 781 869 hanc
796 796 996 871 editionem
1013 798 1143 875 Lexici
1173 803 1223 877 N.
1238 802 1285 877 Τ.
1302 801 1406 877 locu·

148 913 296 1012 pletavi,
309 911 493 987 sedetiam
505 910 629 984 multis
640 911 680 982 in
692 909 783 984 locis
792 911 1112 1009 interpretationes
1125 915 1278 990 aliorum
1290 941 1404 990 novas

149 1054 194 1102 ac
223 1025 427 1126 probabiles
451 1010 612 1099 notaris
639 1025 745 1112 Quae
769 1049 879 1123 porro
899 1025 977 1125 jam
1004 1029 1043 1101 in
1067 1031 1178 1128 priori
1200 1031 1364 1105 editione
1382 1057 1406 1104 a

148 1167 208 1216 me
224 1153 351 1216 notata
367 1166 410 1214 ac
428 1141 619 1214 observata
635 1150 753 1230 erant,
777 1140 894 1231 novis,
924 1141 988 1216 ubi
1013 1168 1105 1241 opus
1128 1159 1217 1231 erat,
1245 1146 1407 1219 auctori-

147 1257 285 1332 tatibus
301 1252 340 1331 et
356 1255 580 1352 argumentis
596 1253 746 1341 firmavi,
766 1266 805 1329 et
817 1255 986 1330 notitiam
1003 1256 1194 1350 librorum,
1211 1260 1250 1331 in
1268 1261 1403 1356 quibus

148 1371 195 1446 de
217 1372 367 1470 singulis
388 1370 539 1445 vocibus
564 1395 608 1443 ac
631 1368 796 1443 formulis
821 1369 1012 1470 loquendi,
1036 1372 1401 1472 interpretationibus

145 1488 257 1562 etiam
275 1485 499 1584 singulorum
525 1485 575 1559 N.
594 1484 641 1556 T.
659 1484 824 1557 locorum
849 1485 1015 1583 inprimis
1032 1486 1229 1584 diligenter
1257 1491 1403 1587 exposi-

144 1613 224 1677 tum
246 1613 314 1692 est,
339 1601 541 1698 pleniorem
567 1598 809 1697 suppeditavi.
860 1600 1034 1697 Denique
1050 1627 1138 1678 vero
1156 1603 1266 1677 etiam
1292 1604 1333 1679 in
1358 1606 1398 1678 id

143 1717 271 1791 sedulo
288 1717 450 1802 incubui,
469 1726 523 1800 ut,
546 1714 607 1812 qui
624 1714 662 1787 in
679 1714 837 1812 priorem
855 1714 1056 1789 editionem
1073 1716 1295 1814 irrepserant
1311 1743 1400 1816 ope-

141 1859 262 1908 rarum
281 1856 432 1921 errores,
450 1829 677 1903 tollerentur.
729 1828 843 1927 Cujus
860 1829 1000 1926 negotii
1026 1828 1231 1904 molestiam
1249 1857 1397 1909 mecum

140 1950 180 2024 in
198 1975 237 2024 se
254 1950 387 2023 iterum
405 1946 566 2045 suscepit
583 1945 652 2020 Vir
669 1937 938 2020 Celeberrimus
960 1970 1004 2020 ac
1026 1945 1273 2023 Doctissimus
1292 1972 1398 2024 Mars·

138 2087 272 2150 nanus,
300 2061 555 2160 Philosophiae
581 2058 767 2133 Professor
791 2058 991 2157 Lipsiensis
1017 2062 1304 2154 benemeritus,
1331 2068 1394 2162 qui

137 2179 191 2252 ita
207 2201 359 2277 operose
375 2200 418 2252 ac
435 2175 634 2272 diligenter
650 2172 794 2271 singula
808 2173 971 2271 inspexit
988 2198 1032 2248 ac
1045 2176 1253 2267 constituit,
1271 2190 1314 2252 ut
1326 2203 1391 2254 ne·

137 2294 275 2367 minem
292 2292 371 2366 fore
389 2291 554 2380 arbitrer,
572 2289 649 2387 qui,
667 2300 704 2364 ct
717 2312 880 2387 pereum
898 2288 985 2364 huic
997 2313 1115 2366 novae
1130 2292 1284 2368 editioni
1302 2296 1395 2369 mul·

134 2419 215 2483 turn
231 2408 319 2483 boni
336 2408 544 2494 accessisse,
561 2405 682 2477 minus
696 2416 897 2502 cognoscat
909 2417 949 2480 et
964 2405 1135 2484 fateatur.
1176 2409 1389 2504 Caeterum,

134 2526 191 2599 uti
207 2525 365 2623 priorem
383 2523 583 2598 editionem
608 2518 716 2620 hujus
734 2521 894 2595 thesauri
919 2547 1075 2621 graecae
1100 2525 1248 2625 linguae
1275 2530 1325 2604 N.
1344 2531 1391 2606 T.

131 2640 234 2730 viris,
251 2639 314 2738 qui
332 2639 379 2713 de
395 2637 561 2736 legitima
577 2635 881 2734 interpretatione
900 2635 1069 2735 judicare
1090 2643 1288 2734 sustinent,
1314 2670 1391 2719 non

133 2754 284 2830 omnino
311 2753 553 2852 displicuisse,
582 2752 695 2825 immo
723 2749 802 2826 fere
834 2751 998 2825 omnium
1028 2750 1188 2852 aliquem
1222 2757 1390 2855 plausum

132 2868 270 2956 tulisse,
284 2870 448 2970 impense
465 2868 595 2958 laetor,
621 2878 660 2943 et
675 2885 801 2964 gratus
817 2890 993 2965 agnosco,
1021 2868 1087 2958 ita,
1114 2869 1144 2941 si
1169 2869 1261 2944 haec
1279 2896 1392 2970 opera

131 3008 216 3058 mea
242 3008 351 3081 porro
380 2983 558 3082 pluribus,
598 2981 646 3058 ad
676 2980 959 3081 comparandam
989 2991 1091 3054 recte
1123 2981 1390 3080 interpretandi

129 3097 182 3173 N.
200 3098 247 3171 Τ.
274 3097 464 3171 scientiam
490 3093 793 3193 facultatemque,
816 3091 1011 3192 profuerit,
1036 3092 1274 3171 vehementer
1298 3123 1389 3197 gau.

130 3210 239 3288 deho.
291 3210 425 3312 Scripsi
442 3209 667 3306 Vitebergae
686 3208 722 3284 d.
741 3233 794 3282 rv.
812 3209 908 3283 Dec.
927 3232 960 3283 a.
977 3232 1016 3310 p.
1035 3209 1079 3285 C.
1098 3234 1135 3284 n.
1154 3235 1298 3288 uoces.

594 3438 711 3519 JOH.
737 3440 929 3517 FRIED.
955 3440 1336 3518 SCHLEUSNER.
