3046 5496
441 820 881 927 PRAEFATIO

379 1160 659 1243 EDITIONIS
687 1159 944 1239 TERTIAE.

59 1976 99 2060 lu
124 1985 329 2060 adornanda
358 1986 428 2059 hac
445 2010 541 2060 nova
569 1984 731 2058 editione
759 1984 889 2081 operis,
909 1983 1009 2082 quod
1024 1978 1195 2078 benignis
1223 1975 1302 2051 fere

57 2103 196 2175 omnium
207 2100 364 2199 judiciis
381 2100 580 2200 exceptum
598 2126 691 2190 esse,
708 2100 872 2198 impense
889 2101 1083 2190 laetamur,
1100 2096 1205 2171 nobis
1221 2119 1305 2193 pro·

56 2217 194 2314 positum
211 2216 284 2291 fuit
302 2217 413 2291 unice
430 2216 517 2308 hoc,
542 2230 596 2305 ut,
617 2229 797 2315 quantum
815 2228 854 2290 et
871 2217 966 2291 vires
983 2229 1144 2303 nostrae,
1163 2225 1201 2285 et
1215 2210 1305 2285 belli

56 2329 286 2421 funestissimi,
309 2332 410 2430 quod
434 2357 535 2407 nunc
561 2333 713 2431 geritur,
744 2334 928 2430 strepitus
956 2330 1226 2430 permitterent,
1257 2325 1306 2398 ad

57 2445 210 2543 majorem
243 2447 512 2545 perduceretur
544 2446 823 2546 perfectionem.
893 2448 1017 2533 Quare
1051 2445 1157 2519 nobis
1187 2444 1226 2516 in
1261 2467 1306 2515 eo

56 2563 197 2635 manime
226 2561 489 2637 elaborandum
518 2588 597 2638 esse
625 2562 811 2653 duximus,
841 2574 884 2638 ut
916 2563 1050 2661 partim
1078 2572 1203 2635 textus
1229 2559 1307 2655 ipse

56 2679 210 2752 omnibus
237 2679 438 2777 scripturae
463 2678 620 2769 mendis,
651 2679 772 2777 quoad
799 2679 877 2753 lieri
906 2690 1043 2777 posset,
1072 2686 1308 2776 purgaretur,

55 2792 179 2888 partim
195 2795 291 2866 novis
310 2818 520 2893 quanquam
548 2819 624 2868 non
654 2794 747 2867 adeo
773 2794 898 2866 multis
921 2798 986 2890 (ne
1003 2791 1118 2864 moles
1136 2815 1180 2862 ae
1197 2787 1310 2885 preti·

56 2933 109 2980 um
126 2908 203 2982 libri
221 2909 328 2981 nimis
345 2909 561 3007 augeretur)
580 2909 895 2985 observationibus
908 2906 1140 3004 philologieis
1153 2905 1309 2975 instruc-

58 3036 143 3097 retur
158 3025 218 3099 hic
235 3024 427 3099 thesaurus
443 3023 593 3124 linguae
610 3050 766 3124 graecae
788 3025 838 3099 Ν.
866 3024 912 3097 Τ.
964 3023 1078 3111 Quod
1104 3032 1229 3095 autem
1247 3020 1310 3093 ad·

58 3141 191 3214 modum
210 3152 397 3217 correctus
413 3141 538 3241 prodit
564 3141 624 3214 hic
650 3141 757 3231 liber,
783 3140 906 3215 effecit
923 3139 1083 3214 maxime
1097 3162 1239 3212 summa
1256 3136 1310 3209 di-

58 3254 193 3353 ligentia
212 3257 292 3330 Viri
323 3256 540 3345 doctissimi,
571 3281 614 3328 ac
643 3255 690 3329 de
719 3257 863 3353 graecis
892 3256 1088 3353 latinisque
1114 3253 1229 3327 literis
1245 3276 1312 3352 per

58 3369 163 3466 plures
179 3395 296 3445 annos
313 3369 452 3468 optime
470 3369 607 3460 meriti,
625 3371 672 3444 G.
687 3372 740 3445 H.
757 3373 952 3466 Sclmderi,
967 3371 1026 3444 cui
1045 3370 1186 3468 optima
1203 3392 1297 3466 quae

58 3486 101 3557 ris
117 3512 158 3559 ex
176 3487 301 3560 animo
319 3507 571 3582 apprecamur.
636 3486 846 3571 Caeterum,
878 3486 932 3559 uti
964 3509 1151 3583 speramus
1182 3484 1312 3557 doctos

57 3623 248 3699 aequosque
267 3601 425 3673 lectores
444 3600 490 3674 de
508 3627 620 3700 opera
645 3613 770 3674 nostra
800 3601 900 3674 omni
929 3600 1128 3674 liberaliter
1154 3624 1232 3673 esse
1250 3599 1313 3671 be·

57 3716 224 3815 nigueque
235 3714 486 3813 judicaturos,
504 3717 555 3790 ita
573 3729 615 3790 ut
632 3742 676 3791 ea
693 3742 828 3815 magna
853 3715 1065 3813 adjumenta¹
1082 3714 1314 3788 attulerimus

57 3842 86 3904 et
100 3830 280 3930 magistris
300 3841 339 3902 et
356 3829 535 3905 tironibus
553 3832 600 3907 ad
618 3831 878 3929 intelligendos
896 3832 1190 3929 enarrandosquc
1202 3829 1313 3903 libros

56 3944 94 4019 N.
110 3948 151 4021 Τ.
171 3947 419 4022 vehementer
434 3958 616 4047 optamus.
668 3948 815 4024 Dabam
830 3947 1054 4046 Vitebergac
1066 3946 1219 4022 Calend.
1239 3944 1314 4017 Oc·

53 4065 130 4140 tobr.
147 4084 362 4141 uocccvn.

559 4377 677 4458 JOH.
703 4378 880 4459 FRIED.
907 4376 1264 4457 SCHLEUSNER.
