3046 5496
80 545 305 636 'Aaeodrsim
353 557 356 561 ’
637 553 675 623 A
695 549 731 623 II
1071 543 1297 635 'Asellione

68 700 124 778 93.)
141 697 294 777 partimde
305 715 352 767 eo,
367 696 457 777 quiin
468 711 580 754 summo
591 695 666 755 vitae
709 688 793 774 dirige
806 690 844 760 lle
863 694 1018 755 dederim
1038 696 1154 758 arbores
1174 698 1218 758 bis
1238 718 1315 757 mor·

12 835 15 845 ,
71 778 223 841 discrimine
238 792 270 839 et
287 778 424 857 periculis
438 789 576 837 versatur.
619 777 667 836 Sic
710 785 788 844 tuae,
803 794 876 853 quae
891 777 976 855 piane
995 793 1180 838 exaruerunt.
1223 779 1271 840 Sic
1284 787 1315 838 et

12 910 15 934 ‚
72 858 352 931 1101111113.κά
365 859 431 925 siim
444 860 666 935 dxilsannjam-
709 854 807 914 Latini
831 866 984 916 emortuum
1006 879 1074 930 esse,
1103 871 1247 931 (nostrum
1270 869 1315 921 tl·

71 943 117 1016 jnn
135 943 277 1001 moritura
298 953 370 1011 erat,
391 961 414 999 s.
442 959 516 1017 quae
542 939 666 997 animam
708 944 826 1008 stetten,
839 939 951 1019 todie,)
969 940 1007 999 de
1020 942 1169 1001 arboribus
1184 952 1314 1011 utuntur,

72 1023 118 1096 jan
129 1025 253 1101 egebam
276 1023 383 1081 collato
404 1022 508 1100 partim
523 1033 666 1081 commate
709 1036 783 1094 quae
797 1018 943 1080 arefactae
958 1021 1073 1081 inutiles
1091 1036 1121 1081 et
1141 1023 1256 1100 ineptae
1275 1022 1315 1082 ad

75 1109 110 1164 49.
131 1104 237 1181 partim
262 1103 327 1162 loco
352 1101 488 1180 parallelo
514 1102 607 1161 Marc.
629 1102 666 1173 V,
707 1096 819 1157 fructus
832 1101 1035 1178 producendos
1049 1103 1143 1164 factae
1157 1117 1234 1163 sunt.

76 1186 110 1244 11.
128 1184 177 1243 ubi
198 1184 307 1261 legitur
321 1186 435 1257 ἰιχιίτυς
449 1180 509 1260 ipss.
553 1185 664 1262 Syrus:
728 1184 757 1242 ’1.
771 1181 855 1238 miter
864 1191 891 1240 el
905 1182 1006 1261 ipfelt'x
1016 1205 1075 1242 snm
1085 1188 1173 1263 rtfio,
1188 1184 1313 1244 maxime

84 1276 92 1302 ⁰
224 1278 237 1305 0
305 1277 318 1303 0
348 1274 378 1305 ¹⁷
580 1301 586 1314 .
708 1280 760 1335 per
774 1261 957 1321 vitiositatem
972 1276 1003 1322 et
1038 1280 1148 1325 eccata.
1177 1267 1245 1326 Joh.
1260 1266 1313 1334 VI,

72 1301 173 1372 m
201 1313 277 1394 loq
308 1305 418 1390 imvm
446 1312 477 1360 et
504 1320 667 1380 propmqua
708 1345 757 1398 50·
771 1341 811 1399 lm
825 1350 862 1407 tls
877 1345 901 1415 11
915 1285 1085 1424 amsapldpp,
1100 1352 1190 1422 nosipsi
1204 1349 1313 1428 ἇποδᾶνῃ

70 1436 122 1482 erat
134 1423 173 1483 ad
183 1422 376 1483 moriendum.
420 1427 434 1481 1
453 1422 520 1482 Cor.
535 1420 602 1491 XV,
618 1425 666 1480 31.
706 1420 731 1477 si
745 1422 809 1498 quis
823 1441 860 1479 ex
876 1422 931 1481 hoc
952 1443 1027 1501 pane
1048 1426 1217 1496 comederit,
1240 1447 1314 1486 nun·

66 1506 114 1565 Μ’
136 1506 227 1588 ipsiquo
248 1507 400 1569 iaesdrim.
441 1504 543 1564 2001.
565 1501 618 1574 VI,
637 1506 666 1562 9.
708 1520 795 1578 quam
810 1502 973 1562 miserendi.
994 1505 1063 1563 ibid.
1079 1506 1162 1578 VIII,
1178 1512 1227 1566 21.
1249 1513 1314 1576 isaii

65 1586 292 1652 σ’ςᾶποθηίαοιης
306 1585 360 1644 etsi
374 1583 503 1663 quotidie
518 1583 547 1641 in
566 1582 666 1641 mortis
708 1584 825 1664 ipagrs'p
842 1590 907 1661 ὑμῖν
928 1592 1084 1646 draconeti
1104 1577 1313 1648 incredulitatis

64 1667 195 1743 periculis
208 1687 364 1727 versamur.
406 1664 455 1723 Sic
472 1671 540 1732 mn
558 1663 665 1723 Genea.
707 1676 820 1723 vestroe
847 1685 955 1743 poenas
985 1666 1091 1726 dabitis
1124 1671 1312 1746 gravissimas.

63 1745 201 1818 XLVIII,
217 1753 266 1808 31.
287 1749 419 1818 sumitur,
440 1744 546 1804 collato
561 1744 665 1803 Psalm.
706 1742 776 1802 ibid.
790 1766 817 1803 v.
826 1749 874 1805 91.
897 1748 981 1806 llom.
990 1747 1027 1818 V,
1046 1755 1092 1807 15.
1105 1754 1128 1808 oi
1142 1760 1235 1811 πολλοὶ
1249 1755 1312 1811 atari·
1390 1743 1393 1749 ¹

63 1827 167 1901 XLIV,
183 1836 234 1889 98.
277 1829 315 1888 Et
335 1829 428 1908 ipsum
450 1831 605 1890 berlariam
625 1826 665 1884 le·
708 1834 783 1896 lusos,
800 1847 885 1905 quem
901 1828 997 1887 locum
1011 1841 1107 1887 tamen
1129 1831 1205 1889 haud
1227 1833 1313 1910 pauci

61 1912 135 1987 gitur
148 1911 228 1989 apud
241 1910 345 1990 Ermp.
361 1909 471 1967 Alcest.
487 1927 513 1964 v.
531 1912 581 1966 ltl
604 1926 666 1984 seq.
707 1906 745 1964 de
759 1909 900 1967 moriendi
918 1910 1100 1981 necessitate,
1114 1913 1247 1970 omnibus
1260 1913 1312 1970 ho-

62 2005 90 2050 et
103 1992 181 2072 apud
193 1991 347 2072 Joseplam
363 1992 400 2049 A.
413 1991 446 2049 J.
456 1988 491 2053 V,
511 1993 536 2047 1.
554 1992 578 2046 1.
602 1988 665 2046 Nec
707 1987 831 2046 minibus
853 2009 905 2068 per
927 1991 1072 2050 Adomum
1095 1992 1238 2071 imposita,
1267 1994 1312 2052 in-

64 2074 144 2150 plane
157 2074 270 2132 alienus
284 2085 328 2131 est
342 2093 361 2130 a
373 2092 405 2131 re
419 2070 563 2148 praesenti
584 2069 665 2127 locus
707 2080 921 2146 terpretnntur;
942 2093 1016 2149 quae
1036 2074 1201 2151 explicatio,
1222 2076 1245 2133 si
1266 2076 1312 2134 vel

64 2155 137 2214 Livii
161 2153 274 2224 XXIX,
298 2159 343 2216 17.
367 2164 388 2191 “
402 2150 531 2230 quotidie
554 2150 665 2228 capitur
705 2152 877 2221 admittitur,
892 2164 989 2212 tamen
1000 2154 1141 2226 miseriae,
1156 2175 1229 2234 quae
1242 2176 1311 2234 pec-

66 2237 245 2305 urbsnostra,
256 2235 385 2313 quotidie
394 2232 557 2310 diripitur.'’
580 2231 665 2291 Conf.
709 2245 774 2289 cata
787 2235 926 2311 sequitur,
949 2236 1028 2294 notio
1049 2256 1107 2293 non
1128 2237 1313 2296 excludenda

65 2329 173 2394 praeter
190 2317 300 2376 stricari
318 2316 346 2374 Τ
344 2317 455 2374 detaut.
469 2311 575 2371 Eccles.
590 2313 625 2370 T.
640 2312 665 2383 I,
708 2313 832 2385 videtur,
846 2328 877 2373 et
891 2317 971 2374 locus
985 2316 1025 2376 ita
1035 2318 1203 2377 vertendus:
1217 2320 1313 2385 miseri

65 2404 179 2476 11145.
211 2397 419 2458 Marklandum
443 2395 481 2454 ad
505 2393 664 2453 attasimsm
707 2415 800 2453 ornares
821 2405 848 2454 et
870 2396 1001 2456 mortales
1008 2399 1091 2477 ficti
1110 2410 1184 2458 sant.
1226 2401 1311 2459 Ilom.

68 2479 182 2560 Tyriam
198 2478 310 2557 XXIV,
325 2484 352 2539 9.
367 2498 395 2555 p.
409 2481 479 2537 698.
709 2473 777 2546 VII,
798 2481 825 2536 9.
848 2480 895 2550 ἐγὼ
915 2477 939 2537 δὲ
953 2480 1069 2539 ἐπίδικοι
1083 2500 1139 2558 ego
1153 2501 1222 2540 vero
1235 2483 1311 2540 sensi

82 2566 108 2619 8.
120 2561 286 2637 interficior,
301 2579 393 2629 necor,
404 2560 533 2637 srpffocor.
556 2555 665 2615 Matth.
707 2575 754 2614 me
769 2557 823 2615 hac
838 2560 948 2618 ratione
963 2560 1097 2619 miserum
1112 2561 1173 2620 lieri
1189 2577 1219 2621 et
1239 2563 1312 2622 infe·

65 2640 143 2712 VIII,
165 2646 215 2702 32.
235 2647 283 2701 ui
296 2643 413 2702 auitam
427 2643 448 2698 is
461 2646 511 2704 τοῖς
534 2635 620 2698 iilam
635 2651 664 2699 el
707 2636 800 2695 11118111.
815 2639 884 2697 111111.
899 2639 982 2709 VIII,
1007 2646 1052 2699 13.
1069 2643 1176 2716 pium
1188 2645 1312 2712 troardo-

62 2742 131 2800 grex
146 2723 177 2781 in
190 2723 263 2781 mari
277 2720 432 2780 suffocatus
444 2732 498 2779 est.
520 2719 611 2778 Hebr.
627 2721 663 2790 X,
706 2744 754 2778 aar
768 2739 875 2796 poenas
889 2722 968 2779 vobis
979 2733 1010 2780 et
1023 2722 1220 2783 infelicitatem
1231 2744 1311 2783 com·

64 2806 513 2887 18.μς1..1...ςμῦ.ε..σ..ῐ..ι..
534 2800 602 2861 ibid.
612 2801 663 2870 XI,
707 2801 859 2877 parabitis;
881 2802 928 2859 ubi
950 2803 1104 2881 opponitur
1124 2812 1160 2881 vij
1179 2807 1231 2884 ζῇι,
1255 2806 1311 2862 vir-

62 2891 109 2946 31.
129 2890 150 2946 i·
170 2888 235 2962 clm
254 2888 389 2966 μαχαίρας
409 2886 535 2944 inuaser-
570 2884 664 2960 Apoc.
706 2881 776 2938 tutis
790 2893 820 2939 et
833 2883 992 2940 sanctitatis
1009 2884 1105 2941 studio
1119 2904 1215 2943 veram
1229 2905 1309 2944 suam

62 2966 143 3037 VIII,
158 2973 187 3028 9.
210 2966 288 3025 Hist.
304 2966 425 3026 Susanu.
443 2985 471 3025 v.
485 2968 534 3024 41.
553 2973 598 3024 ut
616 2992 664 3024 aa·
706 2980 875 3038 promovere
887 2962 1064 3023 felicitatem.

59 3049 167 3130 sicgarus
181 3052 259 3111 adria
279 3053 416 3115 ὄποθιιιῖν,
437 3057 508 3105 etv.
529 3048 578 3103 43.
619 3044 665 3104 lta
727 3049 755 3100 8.
779 3045 975 3123 metaphorice
989 3050 1193 3110 &tristissima
1207 3047 1311 3106 dicun·

58 3133 166 3194 atne.
178 3129 304 3188 sumitur
315 3128 393 3208 apud
408 3129 524 3187 Homer.
543 3125 624 3185 Iliad.
639 3127 664 3198 1,
707 3135 764 3194 tur,
778 3146 860 3205 quoe,
881 3124 938 3185 ralis)
956 3126 1052 3206 aliquo
1069 3129 1151 3187 modo
1164 3139 1310 3208 corrupto,

60 3232 85 3269 v.
105 3215 174 3272 213.
188 3223 220 3271 et
233 3214 397 3276 drudam.
442 3209 471 3267 T
468 3209 569 3288 hacpd.
588 3206 613 3279 I,
635 3214 663 3269 9.
705 3205 760 3262 cim
780 3208 885 3286 agendi
903 3217 930 3266 ct
951 3229 981 3267 se
1001 3209 1147 3268 exerendi
1174 3220 1225 3268 aas
1254 3231 1310 3268 om·

59 3295 196 3376 tigmine
214 3288 620 3384 lael‘flgaaanlisdmtarlnoe.
633 3300 665 3348 et
706 3287 783 3357 trino,
807 3298 857 3346 out
878 3298 953 3348 certe
976 3309 1010 3348 es
1026 3301 1123 3371 porte,
1145 3292 1309 3361 omiserunt,

59 3374 232 3433 Latinorum
245 3392 317 3433 mon
338 3393 391 3451 pro
404 3372 554 3441 trucidari,
575 3371 663 3429 inter·
705 3388 733 3426 v.
747 3388 773 3427 c.
794 3371 888 3447 Apoc.
908 3370 964 3440 111,
985 3375 1014 3430 9.
1036 3378 1144 3455 πήςιξοι
1163 3378 1198 3433 ed
1219 3380 1310 3443 aurel,

45 3456 114 3531 fici,
127 3455 236 3534 legitur
250 3454 328 3534 apud
343 3454 454 3514 Liviam
469 3452 510 3523 II,
526 3459 573 3513 38.
706 3446 726 3509 ii
748 3451 839 3526 μέλλε.
854 3458 1011 3517 tzalmam
1024 3454 1069 3513 ele
1089 3467 1120 3514 et
1139 3474 1215 3534 auge
1235 3456 1310 3514 vires

79 3545 109 3596 4.
129 3534 341 3595 monodiarum.
363 3535 455 3593 Hebr.
471 3534 539 3604 VII,
555 3539 583 3592 8.
597 3533 663 3592 rixo·
708 3530 759 3589 tibi
783 3532 883 3592 insitas
907 3547 986 3593 recte
1007 3536 1123 3612 agendi,
1144 3556 1219 3615 quae
1239 3556 1257 3595 a
1280 3547 1310 3596 te

57 3616 322 3700 Ιιῆηοπιςὶὶήςυποι
331 3616 463 3674 homines
472 3616 615 3683 mortales,
621 3633 664 3672 aa·
706 3612 858 3690 neglectae
873 3634 941 3673 mox
955 3616 1040 3692 plane
1055 3619 1217 3677 cessabunt.

56 3699 193 3759 cerdotes
208 3718 250 3758 sc.
270 3699 459 3766 Iudaeorum,
481 3706 666 3774 opponuntur
731 3701 776 3753 10.
801 3696 903 3754 Restat
922 3697 1046 3755 formida
1072 3705 1228 3764 &salntem
1254 3705 1311 3769 sol,

58 3789 94 3860 τῇ
105 3781 299 3864 mopsopia
313 3782 351 3839 lu
363 3781 403 3858 ζῇ.
424 3778 539 3837 Christo
551 3796 664 3854 nempe,
708 3793 782 3851 quae
806 3777 897 3834 tribus
915 3776 1033 3836 diversis
1055 3779 1147 3838 modis
1168 3781 1198 3838 in
1225 3780 1261 3838 N.
1277 3782 1312 3839 T.

58 3862 97 3921 de
110 3866 195 3941 cujus
210 3860 424 3919 immortalitate
437 3859 505 3918 satis
519 3869 642 3917 constat.
708 3869 845 3935 usurpata
866 3858 988 3936 legitur:
1020 3859 1054 3939 a)
1081 3864 1238 3926 desirium
1264 3872 1312 3922 carl

78 3950 107 4003 5.
127 3943 152 4002 si
162 3943 201 4002 de
215 3943 319 4001 tersiae
334 3953 496 4019 usurpatur,
506 3940 665 4018 putrrssers',
707 3949 805 3996 notat:
825 3959 858 3996 ex
871 3939 1024 4011 volrrrrtote,
1038 3941 1180 4001 arbitratu
1193 3942 1313 4021 olictrjm

56 4026 88 4083 r‘n
97 4024 280 4106 putredinem
291 4022 370 4081 odire
383 4032 476 4092 notat,
490 4041 556 4080 nam
567 4040 666 4079 semen
707 4020 789 4079 niori.
811 4020 896 4079 Rom.
911 4022 992 4080 XIV.
1013 4028 1041 4082 8.
1062 4026 1102 4083 ia‘s
1117 4051 1145 4084 rr
1157 4029 1313 4087 drotum·

58 4108 89 4164 in
102 4117 180 4166 terra
191 4107 233 4165 ita
241 4104 396 4174 emollitur,
411 4114 443 4162 ut
457 4102 665 4182 propemodum
707 4127 760 4177 μιν,
780 4110 814 4180 τᾷ
834 4106 915 4184 Rop'p
936 4109 1124 4180 eserinam».
1170 4102 1314 4184 Sophoclis

57 4189 89 4247 in
101 4186 289 4266 putredinem
302 4186 381 4244 abire
396 4184 535 4243 videatur.
562 4184 610 4242 Sic
623 4183 667 4242 bis
709 4185 797 4259 Ajax.
821 4183 938 4261 Hagell.
961 4205 988 4242 v.
1012 4191 1082 4245 985.
1117 4193 1188 4252 eois
1212 4188 1314 4249 ritmo

58 4271 203 4347 reperitur
217 4268 248 4325 in
264 4268 303 4326 N.
326 4267 361 4325 T.
380 4266 448 4327 Joh.
470 4264 540 4337 XII,
562 4267 667 4324 2111.
709 4263 790 4335 οὗτος,
811 4265 860 4323 ubi
883 4265 1034 4324 Scholiast.
1055 4266 1160 4325 habet:
1179 4270 1314 4337 θιὸιβου-

55 4354 94 4427 μὶ
106 4353 119 4409 s'
132 4351 224 4416 cluse
238 4358 283 4410 τοῦ
300 4349 382 4419 σίτου,
403 4349 481 4407 mein
502 4352 532 4413 tle
553 4351 594 4411 riri
614 4353 668 4420 γῆν,
710 4347 823 4422 λιμένα).
862 4345 898 4424 β)
915 4351 1070 4411 ἐπιθήσων
1084 4355 1131 4408 rol
1145 4358 1244 4407 notat:
1264 4368 1315 4406 va-

57 4434 168 4500 ire-lim
198 4430 254 4491 nisi
278 4449 399 4508 granum
427 4428 515 4487 tritici
538 4428 567 4485 in
592 4440 669 4487 terra
710 4425 839 4496 ledicerc,
854 4429 1019 4488 renuntiare
1033 4428 1119 4489 alicui
1132 4429 1175 4488 rei
1188 4439 1316 4511 autper-

57 4499 208 4573 mortuum
226 4511 325 4583 fuerit,
345 4511 375 4569 h.
388 4530 415 4570 e.
435 4510 465 4568 iu
485 4509 669 4589 putredinem
710 4528 805 4578 sonae,
826 4507 899 4566 nilsil
910 4530 970 4567 cunr
985 4509 1081 4590 aliquo
1093 4531 1236 4571 commane
1255 4532 1316 4570 om·

58 4594 174 4655 abierit.
220 4594 320 4654 lcor·
342 4591 408 4662 XV,
431 4596 479 4653 36.
498 4591 628 4673 'landem
642 4593 670 4652 οὖ
705 4586 785 4671 pltat
797 4589 908 4648 dedere.
951 4591 1037 4651 Rom.
1052 4592 1105 4664 VI,
1120 4595 1149 4652 2·
1169 4595 1317 4671 daetlsirspur

57 4676 470 4754 ζοοπαιῖτιι,1ἇυμὶᾶπιδιίνῃ.
711 4678 743 4753 τῇ
766 4673 884 4753 aipaegtr'p
906 4672 1132 4735 renuntiavimus
1159 4673 1317 4744 citissimi,

81 4761 110 4819 6.
138 4757 177 4817 de
200 4755 350 4816 ardoribus
371 4755 395 4815 si
418 4755 583 4826 adhibetur,
607 4764 668 4814 est:
712 4753 763 4811 ubi
777 4763 878 4812 contra
891 4773 927 4813 ea
939 4755 1026 4837 ζῇιτῇ
1045 4757 1163 4852 ἅμιςτίςι
1181 4768 1242 4816 est:
1267 4756 1318 4814 de-

54 4857 156 4922 pereo,
175 4858 285 4901 cresco·
327 4837 375 4903 sic
388 4837 478 4902 semel
491 4837 561 4899 Jud.
580 4855 608 4896 v.
625 4837 672 4899 12.
713 4831 805 4894 ditum
819 4853 882 4976 ege
895 4835 1053 4900 vitiositati.
1074 4837 1143 4900 iord.
1163 4858 1190 4897 v.
1205 4843 1234 4896 8.
1254 4844 1273 4897 ri
1293 4834 1319 4895 lt

880 4921 897 4978 3
1170 4918 1320 4993 similamur
