3046 5496
561 1184 996 1288 PRAEFATIO

488 1463 793 1542 EDITIONIS
822 1467 1066 1544 PRIMAE.

556 2254 741 2319 LECTORI
762 2258 995 2322 BENEVOLO

168 2438 194 2555 λ’
606 2466 748 2510 sutore!
763 2471 799 2512 rr
810 2472 950 2514 ornem.

142 2687 371 2790 QUANQUAM
389 2709 425 2781 is
443 2729 514 2804 ego
531 2730 604 2781 non
626 2732 720 2799 sum,
743 2711 804 2784 cui
830 2722 895 2785 aut
912 2710 1149 2810 voluptatem,
1177 2725 1242 2788 aut
1266 2707 1405 2786 utilita'

143 2834 212 2895 tem
228 2824 390 2922 aliquam
409 2821 539 2895 afferre
563 2824 688 2920 possit,
708 2825 755 2897 de
781 2825 934 2898 aliorum
959 2825 1128 2900 laudibus
1154 2839 1193 2901 et
1217 2827 1315 2900 fama
1342 2825 1405 2898 de·

144 2940 294 3029 trahere,
318 2954 358 3013 et
385 2963 483 3035 quae
508 2937 581 3010 sint
604 2938 643 3009 in
669 2937 813 3035 scriptis
839 2939 992 3011 aliorum
1022 2951 1086 3012 aut
1115 2939 1406 3038 imperfectionis

145 3052 331 3138 humanae,
352 3066 419 3127 aut
436 3053 598 3127 incuriae
616 3078 660 3126 ac
676 3053 935 3143 festinationis,
952 3065 1016 3127 aut
1032 3054 1199 3128 inscitiae
1213 3055 1306 3126 adeo
1322 3075 1403 3125 ves-

147 3166 232 3260 tigia
248 3168 347 3238 baud
365 3169 521 3240 obscura
537 3166 677 3265 lynceis
695 3166 810 3241 oculis
827 3167 1002 3265 indagare
1028 3180 1067 3242 et
1095 3167 1248 3242 molesta
1276 3189 1405 3265 prava·

148 3302 215 3373 que
240 3305 325 3351 curn
360 3278 555 3352 sedulitate
584 3281 701 3377 magis
730 3280 928 3378 conspicua
957 3281 1124 3370 reddere,
1152 3284 1249 3355 bona
1278 3291 1404 3353 autem

148 3394 345 3465 eorundem
371 3404 410 3465 et
437 3395 591 3466 virtutes
617 3393 725 3488 plane
755 3392 900 3466 silentio
928 3395 1245 3491 praetermittere3
1275 3399 1403 3492 (sensu

148 3507 241 3577 enirn
259 3506 447 3578 tenuitatis
465 3531 508 3578 ac
525 3505 785 3580 imbecillitatis
801 3507 940 3604 ingenii
954 3509 1026 3580 mei
1039 3509 1276 3604 omniumque
1289 3505 1403 3579 animi

148 3645 189 3691 ac
208 3621 366 3717 corporis
383 3619 513 3691 virium
532 3645 575 3693 ac
592 3618 808 3692 facultatum
823 3622 1117 3716 praesentissimo
1132 3631 1337 3694 commotus
1354 3642 1401 3691 ac

147 3736 276 3809 ductus
293 3735 445 3808 aliorum
456 3734 614 3831 judicio,
631 3734 827 3808 eruditioni
854 3747 893 3808 et
920 3736 1112 3809 conatibus
1142 3736 1258 3833 magis
1288 3756 1399 3831 quam

147 3850 230 3921 milri
250 3862 287 3924 et
303 3874 325 3922 a
341 3873 400 3922 me
417 3849 591 3945 profectis
608 3850 768 3922 tribuere
786 3848 899 3939 soleo,
917 3862 956 3924 et
976 3875 1050 3924 non
1077 3849 1193 3924 solum
1219 3847 1401 3921 modestia

145 3989 186 4036 ac
203 3965 429 4037 humanitate
454 3962 543 4036 alios
559 3963 722 4052 vincere,
739 3964 804 4036 sed
830 3963 940 4037 etiam
970 3989 1112 4037 summa
1141 3962 1332 4059 diligentia
1359 3970 1399 4033 et

145 4079 324 4152 indefesso
340 4078 543 4150 litterarum
561 4101 605 4150 ac
621 4078 716 4151 bene
735 4077 781 4150 de
799 4077 877 4150 aliis
903 4079 1067 4151 merendi
1095 4078 1217 4152 studio
1246 4078 1293 4149 ad
1320 4099 1400 4149 cer-

142 4207 214 4265 tam
231 4191 367 4265 famam
385 4191 622 4278 contendere,
641 4202 706 4263 aut
722 4203 822 4265 certe
839 4217 963 4264 veram
983 4192 1130 4266 laudern
1155 4215 1281 4289 parare
1307 4187 1400 4262 mihi

141 4308 250 4380 didici
266 4306 297 4399 z)
323 4319 449 4380 tamen
466 4305 564 4403 quod
582 4305 749 4402 quilibet,
767 4305 827 4379 cui
854 4305 900 4378 de
926 4305 997 4379 hoc
1026 4305 1229 4379 litterarum
1258 4325 1398 4397 genere

137 4436 235 4495 recte
246 4421 418 4519 judicare
443 4419 598 4493 facultas
624 4431 680 4493 est
709 4431 748 4492 et
775 4430 950 4516 potestas,
980 4417 1081 4491 nullo
1110 4415 1220 4489 modo
1250 4414 1397 4490 diffiteri

134 4550 255 4634 potest
272 4561 317 4609 ac
336 4533 475 4607 inficias
500 4533 567 4622 ire,
585 4546 623 4608 et
649 4532 754 4606 multi
782 4533 874 4607 adeo
904 4557 948 4605 ac
980 4529 1180 4603 doctissimi
1210 4529 1277 4601 viri
1307 4551 1395 4601 con·

131 4653 283 4727 tendere
317 4647 412 4721 nulli
447 4647 671 4738 dubitarunt,
703 4672 849 4744 meque,
882 4642 1073 4744 praefandi
1106 4642 1294 4743 provincia
1326 4642 1392 4716 im·

713 4760 752 4835 A
776 4773 801 4833 4
