3046 5496
828 580 891 656 xiv

231 779 331 877 quod
358 779 558 854 admodum
589 789 775 852 correctus
804 776 927 874 prodit
944 778 1004 852 hic
1022 778 1114 854 liber
1130 804 1246 869 meus,
1275 790 1375 854 cette
1394 799 1490 850 erro-

231 893 333 966 ribus
357 893 630 992 typographicis
655 904 769 981 caret,
805 893 868 988 qui
891 891 1049 966 lectores
1075 895 1293 968 exercitatos
1316 889 1491 968 remorari

231 1020 394 1105 possent,
435 1007 575 1106 gratiae
604 1006 793 1081 habendae
828 1017 914 1079 sunt
947 1031 969 1078 a
1002 1004 1232 1094 Lectoiibus,
1277 1032 1351 1080 non
1386 1003 1489 1076 mihi.

232 1121 428 1195 Caeterum
457 1147 502 1195 ex
529 1121 651 1195 animo
678 1133 779 1218 opto,
809 1132 852 1194 ut
878 1120 939 1193 hic
966 1119 1058 1193 liber
1086 1145 1203 1209 meus,
1229 1120 1266 1191 in
1294 1144 1368 1217 quo
1386 1118 1492 1191 ador·

230 1238 353 1312 nando
372 1239 447 1310 sola
465 1237 553 1310 mihi
570 1237 755 1334 proposita
766 1235 839 1309 fuit
855 1236 1008 1310 aliorum
1026 1236 1174 1322 utilitas,
1200 1261 1274 1311 non
1291 1262 1385 1310 vana
1403 1237 1492 1309 doc-

231 1353 349 1426 trinae
363 1363 401 1425 et
418 1351 555 1424 multae
579 1350 748 1424 lectionis
774 1351 984 1440 ostentatio,
1011 1376 1193 1425 sacrarum
1210 1351 1397 1424 literarum
1415 1352 1513 1423 stu-'

232 1465 342 1539 diosis
359 1466 454 1538 viam
480 1490 565 1538 vere
591 1464 733 1537 muniat
758 1464 805 1537 ad
831 1464 878 1537 N.
898 1465 944 1538 T.
963 1465 1072 1539 libros
1090 1489 1164 1539 non
1182 1464 1298 1537 solum
1316 1477 1417 1537 recte
1435 1465 1490 1534 in-

230 1579 461 1677 telligendos,
493 1580 558 1652 sed
575 1580 685 1653 etiam
703 1579 780 1652 aliis
798 1580 1048 1676 explicandos,
1074 1603 1144 1653 nec
1160 1578 1268 1677 plane
1296 1578 1490 1676 displiceat

230 1696 520 1794 intelligentibus
545 1706 584 1768 et
609 1695 732 1792 aequis
757 1694 885 1767 harum
910 1693 1114 1767 litterarum
1142 1691 1344 1790 judicibuS,
1383 1719 1489 1790 quos,

231 1812 261 1885 si
291 1810 475 1884 interdum
493 1833 552 1882 me
569 1808 710 1906 lapsum
738 1834 816 1882 esse
846 1809 1151 1896 animadvertant,
1177 1818 1241 1879 aut
1270 1807 1309 1878 in
1335 1807 1489 1904 singulis

230 1925 322 1999 locis
339 1923 566 2021 explicandis
584 1947 726 1996 mecum
748 1923 977 2012 dissentiant,
1002 1934 1058 2012 ut,
1075 1933 1246 2019 respectu
1271 1919 1397 1994 habito
1422 1922 1491 1993 im·

230 2039 439 2116 becillitatis
456 2038 636 2111 humanae
662 2050 701 2111 et
718 2063 880 2111 summae
904 2037 1038 2112 laboris
1055 2037 1129 2111 mei
1146 2035 1334 2111 molestiae
1352 2048 1391 2110 et
1407 2063 1490 2134 gra-

231 2153 368 2241 vitatis,
408 2176 482 2226 non
509 2150 626 2225 solum
652 2176 711 2225 me
737 2153 944 2225 humaniter
973 2153 1203 2225 ‘admoneant
1228 2160 1266 2222 et
1291 2150 1489 2242 edoceant,

231 2266 297 2341 sed
314 2266 423 2340 etiam
441 2265 581 2353 erratis,
611 2291 695 2339 cum
714 2267 818 2357 meis,
842 2278 922 2341 tum
940 2289 1144 2363 operarum,
1170 2263 1348 2338 benevole
1367 2265 1490 2361 ignos-

231 2392 333 2469 cant,
366 2379 530 2454 modeste
560 2404 604 2453 ac
634 2379 853 2486 humaniter⁴
868 2404 970 2479 rogo.
1022 2380 1167 2456 Dabam
1194 2377 1421 2475 Goettingae
1449 2380 1488 2454 d.

232 2520 365 2572 xxvui.
385 2493 478 2570 Maii
496 2517 680 2569 nnccxci.
