3046 5496
655 620 695 693 xi

45 817 125 893 dem
140 819 238 894 vocis
255 818 331 895 hac
359 820 501 895 ratione
517 840 604 894 usus
622 841 715 910 sum,
740 828 784 896 ut
799 843 866 920 pro
882 821 935 898 rei
953 821 1161 897 diversitate
1187 817 1297 893 modo

48 934 152 1031 ipsius
173 934 277 1009 vocis
302 936 462 1032 origines
486 935 713 1033 indagarem,
739 938 849 1011 modo
875 939 922 1012 ad
939 939 1142 1035 analogiam
1159 938 1300 1033 lingua·

14 1093 17 1096 >
51 1073 124 1121 rum
142 1049 397 1148 confugerem,
423 1049 534 1123 modo
551 1049 709 1147 denique
727 1053 822 1125 viam
840 1055 1083 1142 observarem,
1112 1075 1221 1148 quam
1239 1073 1301 1121 na·

54 1175 128 1234 tura
142 1164 304 1237 humana
320 1166 359 1236 in
377 1164 604 1238 inveniendis
622 1175 661 1237 et
677 1167 869 1240 nectendis
886 1193 1006 1242 rerum
1024 1168 1116 1241 ideis
1133 1163 1302 1264 persequi
1354 1171 1358 1180 '

54 1277 154 1375 uulgo
183 1279 361 1369 creditur,
386 1279 572 1353 interdum
600 1279 704 1368 adeo,
731 1280 786 1353 bis
804 1282 971 1355 subsidiis
989 1282 1199 1369 destitutus,
1227 1303 1303 1351 me·

58 1419 124 1465 ram
150 1394 398 1492 conjecturam
425 1418 605 1492 sequerer.
674 1395 868 1469 Praeterea
892 1396 1003 1470 etiam
1028 1395 1184 1494 imposui
1214 1390 1323 1466 mibi'

63 1509 219 1599 officium,
256 1510 304 1584 de
344 1509 551 1582 nominibus
588 1533 838 1605 personamm,
873 1510 1052 1601 locorum,
1094 1531 1303 1596 numorum,

63 1648 312 1715 mensurarum,
328 1624 506 1722 lapidum,
524 1635 596 1696 etc.
622 1624 783 1714 uberius,
809 1649 917 1722 quam
935 1624 1124 1721 bucusque
1143 1647 1164 1694 a
1180 1622 1305 1719 pleris·
1333 1694 1336 1701 ,

64 1762 122 1834 que
143 1739 367 1812 lexicorum
398 1737 446 1809 N.
465 1736 512 1808 T.
540 1735 790 1811 conditoribus
815 1737 954 1812 factum
981 1750 1072 1828 erat,
1095 1735 1306 1836 exponendi

65 1865 106 1937 et,
133 1854 254 1949 quavis
289 1851 564 1950 opportunitate
598 1850 733 1942 oblata,
770 1852 912 1927 idoneis
945 1855 1122 1953 exemplis
1156 1853 1305 1926 demon-

65 1966 201 2054 strandi,
226 1966 316 2063 quid
332 1964 380 2038 ad
398 1978 499 2040 recte
516 1966 808 2063 interpretandos
826 1967 875 2040 N.
902 1968 948 2042 T.
968 1970 1169 2067 Scriptores
1185 1966 1307 2040 valeat

67 2080 214 2176 perfecta
229 2081 475 2178 geographiae
506 2079 749 2179 historiaeque
778 2083 911 2155 veteris
928 2094 967 2156 et
984 2081 1210 2179 antiquitatis
1227 2080 1306 2153 uui·

68 2218 190 2286 versae,
219 2195 455 2293 inprimisque
481 2219 639 2285 momm,
664 2196 914 2270 institutorum
944 2209 983 2271 et
1011 2198 1223 2296 opinionum
1241 2196 1307 2272 Ju-

68 2311 239 2403 daeorum,
271 2313 522 2385 Romanomm
540 2322 579 2385 et
603 2312 832 2387 Graecorum
849 2314 943 2388 adeo
967 2313 1165 2411 perfectior
1182 2312 1309 2410 cogni-

68 2425 123 2497 tio.
169 2427 220 2500 Ut
249 2426 408 2523 denique
425 2426 594 2499 omnibus
620 2425 747 2500 officiis
772 2428 861 2501 boni
888 2440 927 2501 et
951 2427 1074 2501 idonei
1100 2426 1308 2524 interpretis

71 2539 225 2616 librorum
243 2543 450 2616 divinorum
475 2542 525 2615 N.
544 2540 592 2613 T.
623 2541 869 2616 satisfacerem
899 2555 1008 2640 atque
1034 2566 1109 2615 non
1126 2541 1242 2615 solum
1259 2540 1309 2614 la·

72 2656 133 2728 tius
146 2655 247 2754 hujus
266 2656 445 2730 Thesauri
471 2680 557 2728 usus
581 2668 739 2754 pateret,
765 2657 830 2731 sed
848 2657 957 2730 etiam
974 2657 1089 2730 tutius
1107 2682 1128 2729 a
1144 2655 1311 2752 quolibet

73 2772 217 2868 usurpari
232 2782 371 2870 posset,
396 2794 465 2843 nec
482 2794 548 2866 per
565 2795 624 2843 me
650 2769 778 2843 saltem
804 2771 842 2843 in
860 2770 930 2844 hoc
952 2771 1156 2844 litterarum
1173 2794 1310 2866 genere

73 2898 315 2982 propagaretur
331 2908 501 2982 perversa
526 2882 624 2955 baud
640 2906 840 2978 paucorum
867 2883 1009 2971 levitas,
1034 2885 1110 2979 qui,
1135 2884 1174 2954 in
1199 2886 1311 2956 verba

72 3001 215 3096 magistri
235 3001 403 3097 jurantes
435 3008 474 3073 et
503 2999 547 3071 ab
576 2996 654 3070 aliis
682 2996 878 3069 decantata
905 2997 1016 3070 unice
1042 3008 1263 3095 repetentes
1288 3022 1312 3070 a

72 3136 156 3202 rara,
181 3126 280 3188 certa
297 3126 336 3188 ct
353 3113 486 3186 idonea
511 3113 723 3208 cognitione
749 3111 858 3184 alieni
876 3122 1026 3184 manent
1043 3122 1081 3184 et
1097 3109 1216 3184 nullas
1231 3134 1312 3183 sen-

71 3230 250 3302 tentiarum
268 3253 313 3302 ac
329 3228 556 3326 opinionum,
580 3251 668 3322 quas
685 3226 823 3301 habent
840 3236 879 3299 et
893 3224 1035 3314 fovent,
1060 3225 1209 3298 idoneas
1227 3249 1312 3299 cau·

71 3365 117 3415 sas
132 3344 254 3417 afferre
272 3341 406 3429 valent,
433 3340 634 3414 rationibus
651 3365 796 3438 quoque
822 3352 861 3414 et
886 3340 1004 3414 causis
1026 3339 1218 3413 afferendis
1235 3339 1312 3413 ido·

67 3458 150 3545 reis,
174 3459 306 3554 quibus
326 3455 609 3554 significationes
635 3455 860 3552 singulorum
885 3457 1080 3529 verborum
1105 3455 1225 3527 minus
1242 3456 1313 3528 usi·

69 3581 155 3646 tatae
173 3585 211 3645 et
227 3596 345 3644 novae
363 3583 401 3643 et
417 3569 736 3667 interpretationes
753 3569 990 3645 formularum
1007 3569 1244 3666 locorumque
1262 3569 1312 3643 N.

69 3684 108 3758 T.
127 3685 368 3759 difficiliorum
382 3684 696 3774 confirmarentur,
710 3683 853 3758 efficere
871 3696 1024 3757 conatus
1040 3696 1190 3773 sum,'ut
1203 3685 1313 3759 etiam

69 3797 131 3873 hoc
148 3810 319 3898 respectu
336 3800 396 3873 hic
414 3798 623 3872 Thesaurus
652 3823 755 3873 meus
770 3799 920 3894 linguae
948 3823 1102 3895 graecae
1120 3798 1169 3870 N.
1188 3797 1234 3870 T.
1254 3822 1314 3871 co·

66 3916 300 4012 piosissimum
317 3914 605 4011 promptuarium
616 3913 701 4011 jure
726 3913 852 3987 haberi
876 3925 1000 4011 posset
1024 3925 1063 3988 et
1085 3914 1214 4011 reliqui
1231 3912 1314 3988 libri

68 4051 199 4118 omnes,
236 4028 299 4125 qui
326 4027 596 4102 observationes
623 4027 862 4126 philologicas
891 4029 929 4101 in
957 4029 1005 4102 N.
1035 4029 1082 4101 T.
1109 4029 1314 4117 continent,

67 4142 178 4215 minus
196 4141 391 4216 necessarii
408 4142 664 4238 reperirentur.
717 4143 815 4230 Quia
839 4153 961 4215 autem
980 4142 1181 4240 Scriptores
1198 4140 1247 4213 N.
1266 4139 1312 4213 T.

66 4271 104 4329 nt
113 4256 189 4354 jam
208 4267 355 4330 constat
368 4255 463 4328 inter
479 4279 606 4329 omnes
623 4256 675 4330 rei
692 4257 842 4355 peritos,
871 4256 909 4327 in
927 4253 1199 4328 conscribendis
1215 4250 1316 4325 libris

65 4374 131 4445 suis
148 4373 202 4446 usi
230 4382 319 4444 sunt
343 4394 418 4443 non
442 4370 567 4468 lingua
591 4395 739 4469 graeca,
763 4395 855 4469 pura
878 4369 941 4442 illa
965 4380 1075 4466 atque
1099 4367 1225 4455 attica,
1251 4367 1318 4440 sed

67 4485 228 4573 dialecto,
258 4483 397 4558 Christi
428 4495 465 4557 et
492 4484 738 4583 apostolorum
765 4495 885 4559 aetate
915 4481 1125 4578 vulgariae
1154 4490 1316 4578 recepta,

68 4598 312 4678 Macedonica
341 4611 380 4672 et
406 4599 671 4695 Alexandrina,
696 4611 868 4698 totusque
891 4598 1063 4671 orationis
1080 4598 1318 4695 evangelista·

68 4740 137 4795 rum
153 4733 190 4800 et
205 4713 460 4820 apostolorum
478 4715 668 4792 character
691 4714 854 4813 linguam
876 4710 1019 4789 redolet
1034 4713 1254 4803 hebraicam,
1280 4723 1319 4787 et
