3046 5496
240 512 404 618 'Arrepto
808 518 846 591 A
864 512 902 588 Π
1204 507 1466 620 Ἀπικδόομᾳι.

225 670 329 730 turni·
347 665 486 727 remittite
505 662 622 726 nimiam
641 665 832 737 severitatem,
873 663 923 744 qai
931 661 1006 724 omni
1019 684 1072 724 aru
1085 684 1179 725 rernm
1193 669 1407 748 etexperientia
1422 672 1486 731 ders

226 749 293 809 coll.
304 749 399 808 Levit.
409 747 560 817 XXV,43.
576 748 695 826 Saepius
709 749 738 806 ln
751 748 788 806 N.
798 748 832 805 T.
873 746 997 817 tituitur,
1020 747 1110 817 rudit,
1131 748 1286 828 imperitus,
1308 770 1326 807 a
1346 760 1423 833 irriga
1436 773 1485 810 α·

227 849 288 888 non
296 830 413 908 legitur.
435 828 733 912 8000010..γο
752 829 833 888 Pho·
866 829 1021 907 perr'entio.
1051 829 1147 909 Etym.
1166 830 1214 889 M.
1228 834 1239 889 i
1253 836 1351 907 ἀμαθὲς
1366 837 1441 914 nagal
1453 838 1483 893 ri

226 931 296 970 θον.
326 922 357 969 et
380 911 476 990 Etym.
503 908 549 968 Μ.
571 913 584 973 ti
603 915 669 988 perri
688 917 760 994 igyie
779 912 832 970 in'r'·
872 917 907 985 pri
928 907 992 985 ἰ’χκι
1014 916 1109 991 edgar.
1164 911 1291 990 sapient.
1321 912 1408 982 XIII,
1436 918 1483 972 18.

227 995 328 1065 min·
873 996 928 1072 frgi
942 988 967 1050 di
987 992 1127 1083 increverint
1141 998 1181 1051 rii
1194 994 1357 1090 &rogitaret
1372 996 1481 1055 iamin.

273 1072 431 1144 '‘nnitlrnl,
455 1073 509 1132 fut.
535 1073 631 1149 irritat,
659 1072 765 1143 abtum,
792 1093 831 1131 ex
875 1070 1111 1152 Sophocl.Anttg.
1125 1079 1211 1134 1309.
1237 1074 1255 1131 I
1262 1072 1364 1153 hocyd.
1373 1074 1401 1145 I,
1416 1080 1482 1135 141.

227 1160 279 1216 ἰπὶ
294 1164 325 1212 el
338 1159 397 1232 εἶμί.
442 1156 540 1214 icor.
557 1154 595 1225 V,
611 1160 639 1214 3.
652 1157 721 1213 αἰπὺν
735 1163 769 1232 τᾷ
783 1156 831 1214 rei-
873 1152 1001 1233 Xettoph.
1016 1155 1104 1212 Mem.
1119 1153 1144 1224 I,
1161 1158 1187 1212 l.
1203 1158 1251 1215 23.
1272 1155 1373 1237 iitrtrgn
1396 1173 1481 1232 χιλι·

224 1261 302 1314 μη,
313 1239 398 1319 renger
408 1234 433 1296 ii
442 1236 566 1311 mriparr
580 1236 707 1313 quamvis
719 1237 830 1304 absens,
872 1239 923 1295 mir
938 1234 987 1312 qui
1001 1235 1072 1293 nihil
1092 1234 1240 1293 molestiae
1264 1247 1407 1313 expertus
1427 1248 1481 1296 est.

226 1318 322 1377 animo
333 1329 428 1376 tamen
437 1335 581 1395 praesens.
612 1324 629 1374 2
642 1318 710 1375 Cor.
721 1317 759 1388 X,
774 1323 785 1373 l
800 1328 831 1375 et
873 1315 1368 1397 Hinchro'goeettrixmrhoudraro
1375 1320 1481 1394 juncta

230 1403 277 1459 11.
291 1395 377 1470 XIII,
388 1402 416 1457 3.
429 1403 475 1458 10.
491 1397 612 1475 Philipp.
624 1397 649 1466 1,
661 1404 709 1460 27.
721 1398 830 1458 Coloss.
871 1396 1007 1475 leguntur
1021 1397 1098 1475 apud
1113 1396 1251 1466 Graecos,
1273 1418 1299 1455 v.
1314 1418 1341 1456 c.
1364 1397 1480 1458 Aetion.

227 1479 270 1552 11,
285 1486 314 1542 5.
339 1481 387 1538 Ab
401 1480 458 1537 hoc
473 1477 558 1536 distin
581 1479 706 1536 uendum
721 1491 766 1538 est
878 1479 910 1536 V.
925 1479 967 1536 H.
983 1477 1067 1547 VIII,
1086 1484 1113 1536 8.
1142 1477 1257 1537 Deinde
1278 1497 1317 1537 ex
1337 1478 1480 1556 adjuncto

272 1562 418 1623 ''Anninss
440 1558 486 1617 vel
500 1499 656 1630 'tuisne
674 1559 752 1629 abeo,
773 1560 829 1619 dir·
871 1559 969 1640 ὅπως..
984 1557 1089 1616 dicitur

225 1643 303 1715 cedo,
324 1660 363 1700 ex
376 1642 428 1702 cirri
443 1651 474 1698 et
487 1638 536 1716 ιῖμ.
549 1640 595 1698 vel
614 1640 665 1716 iqui
683 1641 765 1711 undo,
785 1662 828 1711 eo,
890 1647 920 1699 2.
944 1641 1045 1719 impar,
1069 1640 1179 1719 ineptas
1202 1640 1243 1700 od
1260 1639 1388 1720 aliquane
1410 1662 1479 1702 rem.

225 1724 305 1803 quod
325 1723 413 1781 semel
438 1731 549 1780 tantum
570 1720 676 1798 legitur
698 1722 726 1778 in
742 1722 778 1780 N.
794 1722 829 1780 T.
871 1720 964 1780 Hebr.
980 1720 1017 1791 V,
1042 1726 1088 1780 13.
1111 1720 1209 1804 image
1224 1721 1303 1794 λέγω
1323 1719 1477 1790 emat...

226 1807 297 1864 Act.
311 1803 408 1874 XVII,
432 1807 478 1862 10.
499 1809 529 1868 tie
547 1805 588 1865 nir
603 1808 747 1876 συναγωγὸν
761 1802 829 1885 inqi-
869 1801 893 1860 is
917 1821 975 1859 non
1000 1801 1077 1860 valet
1098 1802 1135 1859 nd
1153 1801 1316 1860 doctrinam
1339 1802 1477 1880 perfecti-

226 1910 283 1945 ιω
307 1885 337 1942 in
363 1902 540 1962 synagogam
562 1883 700 1941 abierant.
732 1882 828 1942 Exod.
869 1901 949 1941 orem
967 1893 997 1940 et
1017 1882 1210 1941 sublimiorem
1231 1884 1477 1960 cognoscendam.

226 1965 370 2036 XXXIII,
385 1970 413 2024 8.
457 1962 582 2043 Hesych.
596 1967 700 2024 iunco·
719 1964 829 2047 ἰτέαι·
870 1964 1025 2023 Caeterum
1034 1964 1108 2022 bene
1118 1963 1352 2041 distinguendum
1364 1965 1477 2024 esthoc

226 2075 282 2118 w,
303 2048 427 2107 tritavo.
469 2045 548 2103 Suitl.
566 2045 679 2106 ἄπεστιν
703 2052 759 2106 tirsi
783 2053 828 2106 τοῦ
869 2044 1043 2122 adjectivum
1057 2046 1093 2102 ab
1107 2045 1174 2115 alio,
1189 2044 1266 2122 quod
1281 2064 1348 2105 exa
1363 2046 1437 2124 priv.
1445 2058 1478 2105 et

226 2131 369 2202 ιἰφίπμυ,
382 2128 483 2207 preterit
498 2128 568 2185 ierit.
868 2126 984 2204 po'e'tico
995 2132 1081 2207 migres
1095 2145 1148 2204 pro
1159 2125 1234 2208 rigate
1242 2126 1322 2197 finit,
1337 2129 1476 2186 herluinus

281 2203 543 2276 ’Ant-:mititem
568 2205 633 2266 vide
655 2208 708 2266 sub
733 2202 828 2268 'Alli-I·
868 2206 1025 2265 conflatum
1036 2218 1090 2277 est,
1101 2217 1230 2276 etomne,
1241 2208 1316 2286 quod
1326 2207 1475 2267 nonhabet

227 2302 358 2350 ΠοΜΑΙ.
856 2288 960 2366 finem,
996 2285 1207 2358 innumerabile,
1235 2288 1390 2366 significat,
1418 2309 1476 2348 nec

281 2368 827 2448 ’Annlrfflozov,i,i,quitentori,
868 2386 933 2426 raro
957 2368 986 2426 in
1011 2368 1190 2427 Graecorum
1214 2369 1329 2447 scriptis
1355 2369 1475 2448 legitur,

224 2451 381 2511 irritarint
394 2452 431 2510 irn
451 2451 498 2510 etti
512 2453 617 2532 nequit,
631 2470 669 2509 ex
683 2477 702 2509 a
716 2452 786 2528 priv.
797 2465 828 2510 et
868 2468 895 2507 v.
909 2469 936 2508 c.
957 2448 1087 2509 Aeschin.
1101 2449 1179 2508 Dial.
1200 2449 1241 2521 11,
1262 2456 1310 2510 nt.
1343 2451 1475 2531 Xenoph.

226 2534 345 2626 πωςέζυ,
360 2473 450 2612 quod
449 2533 523 2592 vide.
563 2534 598 2591 ln
613 2532 650 2590 N.
665 2532 700 2590 T.
715 2542 827 2591 tantum
868 2529 957 2589 Mem.
973 2531 998 2601 l,
1015 2539 1041 2588 1.
1058 2536 1103 2589 14.
1146 2528 1231 2591 Conf.
1251 2532 1416 2612 Lennepr'ur
1435 2533 1475 2592 ad

224 2613 332 2693 legitur
345 2615 447 2674 Jacob.
461 2615 485 2682 I,
511 2620 556 2674 13.
577 2618 588 2674 .‘
609 2617 661 2707 7223
680 2619 740 2679 Θιὸς
754 2614 826 2674 cirro'·
869 2609 980 2670 Coluth.
1001 2632 1031 2690 p.
1046 2617 1093 2672 53.

224 2697 315 2778 garrit
334 2698 384 2756 ἔστι
404 2702 488 2755 uuir
507 2696 589 2754 Deus
610 2714 688 2753 enim
706 2694 827 2772 adpec·
920 2689 1204 2764 'nnnxhdxornnh
1227 2693 1283 2753 fut.
1305 2694 1405 2771 ἔξιμι,
1423 2716 1475 2755 ee·

224 2777 350 2835 candum
363 2777 469 2854 impelli
484 2777 592 2855 nequit.
619 2775 735 2834 Pussive
748 2776 826 2834 eninr
866 2783 966 2853 specto.
1008 2774 1060 2833 Est
1081 2774 1309 2853 decompositum
1331 2795 1371 2834 ex
1389 2797 1473 2856 prae·

223 2857 254 2915 lr.
267 2859 286 2915 l.
300 2860 449 2941 rien'gmn
463 2859 633 2916 sumendum
648 2877 720 2926 esse,
739 2876 825 2935 prop·
864 2855 1053 2933 positionibus
1076 2862 1139 2927 ἐπὶ,
1162 2859 1188 2915 're
1212 2868 1242 2915 et
1262 2854 1388 2934 δίχομαις
1419 2865 1472 2918 rixi

224 2948 270 2996 ter
283 2940 441 3018 sequentia,
463 2940 592 3018 plerique
610 2941 670 3015 jorn
684 2939 824 3016 interpre·
865 2947 962 2995 tamen
975 2936 1122 2995 notionem
1135 2937 1215 2995 verbi
1235 2958 1288 3015 per
1301 2958 1333 2996 ae
1347 2958 1407 2996 non
1420 2959 1473 2998 au·

223 3030 278 3093 tes,
298 3032 455 3099 praeeunte
471 3022 554 3099 Syro,
574 3019 706 3078 viderunt
720 3030 749 3077 et
763 3039 825 3076 mo·
864 3027 925 3094 get,
946 3029 978 3076 ut
997 3017 1090 3089 multi,
1110 3018 1289 3096 emphasium
1304 3019 1389 3078 nimis
1409 3032 1472 3079 stu-

223 3112 350 3159 nuerunt
364 3112 465 3159 contra
478 3120 585 3178 paucos
599 3100 671 3168 illos,
695 3100 743 3178 qui
758 3118 824 3158 cunr
864 3097 947 3168 diosi,
961 3098 1171 3171 existimarunt,
1186 3119 1350 3178 quanquam
1371 3101 1472 3180 negari

223 3180 359 3258 Aethiope
373 3181 530 3257 interprete
543 3182 636 3238 active
650 3180 826 3256 acciperent.
865 3198 924 3236 non
937 3191 1042 3257 potest,
1064 3180 1093 3237 in
1113 3181 1232 3259 singulis
1252 3181 1324 3239 locis
1340 3180 1379 3239 ob
1401 3201 1472 3241 con-

230 3259 826 3337 Valgotusreddidit:Deusenirnintentatus
866 3271 976 3318 textam
1001 3261 1159 3319 orationem
1184 3260 1366 3338 ἀπαδὶχισθι.
1391 3282 1471 3322 com·

226 3339 283 3418 (itu
291 3341 366 3397 enim
375 3339 557 3399 scribendum
566 3341 682 3399 estloco
691 3341 765 3399 male
775 3342 825 3398 im.
866 3341 950 3399 mode
965 3341 1038 3401 verti
1051 3362 1151 3420 posse:
1172 3344 1318 3414 ardenter,
1327 3343 1471 3424 flagran-

221 3420 311 3497 pressi
321 3420 491 3500 intentator)
505 3420 639 3480 malorum
654 3431 704 3480 est.
727 3423 825 3482 Onorn.
865 3422 970 3482 tissimo
991 3443 1052 3481 cunr
1074 3424 1212 3484 desiderio
1235 3435 1397 3505 exspectare
1418 3438 1472 3485 aut

231 3499 289 3558 Ver.
309 3501 489 3560 Intentotus:
511 3502 670 3585 tmr‘gereoe.
687 3502 822 3562 Gloriae:
864 3502 1018 3582 tranquillo
1039 3504 1131 3563 animo
1150 3516 1177 3563 et
1194 3507 1338 3584 patienter
1357 3527 1471 3587 exspec-

222 3582 381 3664 rirrrigmor·
397 3582 579 3642 intentabilis.
611 3581 824 3643 vetustioribus
863 3592 936 3655 tore,
950 3605 977 3642 v.
996 3604 1022 3643 c.
1045 3586 1130 3643 Rom.
1144 3585 1230 3658 VIII,
1246 3592 1292 3647 19.
1306 3591 1318 3651 i
1333 3593 1469 3670 inaugu-

223 3659 343 3721 Graecis
362 3682 453 3742 paene
475 3664 623 3743 incognita
636 3665 752 3743 quidem
766 3684 824 3723 vox
862 3661 935 3725 doerit
948 3673 990 3734 τῖς
1003 3670 1103 3733 rtrr'rtet
1116 3672 1159 3729 ri»
1168 3668 1338 3741 ἀποκᾶλνψιι
1351 3675 1399 3728 eir‘r
1414 3674 1470 3729 eifn

220 3740 276 3801 fuit
289 3745 449 3844 airoino-roe,
463 3746 512 3825 qui
525 3748 587 3825 ejus
600 3746 666 3805 loco
680 3750 743 3806 tru'
753 3775 823 3820 aros,
862 3754 906 3806 rat
920 3755 985 3808 oroi
1005 3746 1171 3824 teudinum
1190 3768 1290 3806 omnes
1312 3749 1471 3809 Christiani

221 3822 321 3882 Ionice
339 3828 478 3907 απιίςητος,
500 3829 608 3905 absque
627 3857 653 3897 c,
672 3827 738 3885 adlr'
761 3839 821 3900 ent,
861 3825 987 3886 suturam
1001 3828 1078 3887 illam
1091 3829 1239 3888 meliorem
1253 3848 1389 3889 verorum
1410 3830 1470 3889 Dei

221 3923 317 3985 neque
330 3919 426 3965 tamen
447 3908 532 3986 plane
545 3908 645 3968 exulat
663 3909 699 3968 ob
720 3928 821 3967 eorum
862 3909 1004 3967 cultorum
1036 3910 1230 3969 conditionem
1257 3929 1366 3988 magno
1400 3931 1470 3970 cum

220 3987 344 4066 scriptis,
366 3987 407 4046 ita
419 3999 526 4059 tamen,
542 4000 574 4047 ut
587 3989 729 4068 significet
743 3991 821 4049 iner-
862 3989 1004 4049 desiderio
1025 4002 1205 4069 exspectant.
1226 3991 1292 4049 coll.
1312 4013 1339 4049 v.
1362 3996 1413 4051 23.
1429 3989 1470 4052 ib.

214 4077 339 4148 portum,
353 4068 530 4129 intentatum.
563 4071 621 4128 Sic.
634 4092 661 4128 v.
676 4091 702 4129 c.
716 4071 822 4149 legitur
861 4090 889 4128 v.
903 4074 942 4130 tt
956 4082 986 4129 et
1000 4076 1048 4131 25.
1094 4073 1192 4131 lCor.
1206 4072 1230 4142 l,
1245 4079 1274 4135 7.
1295 4068 1470 4151 &mitgetei-

219 4149 298 4228 apud
313 4149 450 4210 Galerium
460 4152 496 4209 de
508 4170 577 4210 cura
590 4161 621 4209 et
635 4151 747 4210 medela
760 4155 821 4210 ani·
862 4179 913 4218 nove
923 4156 963 4215 tir
977 4151 1199 4226 &nonina-iareah
1210 4156 1311 4234 Κυρίου,
1326 4154 1377 4212 ubi
1388 4163 1469 4216 riw-

218 4230 259 4289 mi
272 4233 438 4292 morborum
453 4233 486 4292 P.
496 4231 520 4290 I.
533 4254 562 4326 p.
574 4237 643 4293 365.
655 4237 689 4310 μὲ
701 4237 822 4293 raraeno'-
861 4230 973 4308 iixrrtar
986 4253 1038 4310 per
1052 4232 1207 4312 tranquillo
1227 4235 1321 4293 animo
1342 4245 1372 4293 et
1387 4237 1470 4316 pari·

218 4336 270 4370 erar
298 4315 445 4394 traiano
468 4313 507 4373 nil
535 4325 708 4372 intentatum
735 4315 820 4372 relin-
860 4323 940 4372 enter
953 4325 1121 4393 exspectare,
1136 4314 1218 4373 reddi
1232 4326 1337 4393 potest.
1369 4317 1469 4378 Galat.

219 4409 318 4468 quere.
372 4393 486 4474 Joteph.
500 4395 538 4452 B.
552 4396 584 4453 J.
599 4394 637 4465 V,
659 4400 686 4454 9.
702 4399 730 4454 3.
751 4394 819 4465 v11,
862 4394 898 4461 V,
911 4400 939 4453 5.
961 4395 1083 4475 Philipp.
1097 4395 1153 4465 III,
1168 4399 1216 4453 20.
1231 4402 1281 4461 τιῖς
1295 4400 1372 4458 uiri·
1386 4406 1470 4458 cirria-

218 4474 246 4528 8.
271 4476 296 4530 1.
316 4470 383 4546 1γο
403 4473 551 4556 &stigma
572 4474 682 4535 lacinus
696 4475 820 4534 intenta·
861 4472 994 4552 δεχιμέκις
1009 4476 1058 4554 qui
1078 4486 1145 4534 sunt
1165 4478 1227 4555 ejus
1248 4477 1309 4536 veri
1330 4479 1471 4540 cultores.

217 4560 289 4610 turn.
339 4553 386 4611 ide
401 4556 532 4614 Heitenii
545 4558 643 4616 Nouos
656 4556 819 4637 hypotheses
864 4560 876 4613 1
895 4556 973 4614 Petr.
987 4556 1042 4626 ill,
1058 4562 1105 4617 30.

216 4631 257 4689 od
290 4632 344 4710 Ep.
358 4633 460 4694 Jacoti
479 4658 507 4715 p.
529 4643 596 4697 500.
621 4651 651 4697 et
676 4637 821 4699 Wetstenii
914 4635 1359 4717 ’inrril0m1,nr.t..,....
1395 4641 1472 4703 Ver·

217 4712 259 4774 N.
277 4711 311 4771 T.
334 4712 368 4770 T.
383 4714 422 4784 ll,
443 4737 472 4795 p.
486 4723 555 4778 661.
859 4719 929 4777 bum
944 4718 1079 4790 medium,
1101 4719 1180 4797 quod
1193 4721 1308 4799 proprie
1323 4734 1410 4783 notat

262 4792 444 4869 0111111οΣ,
456 4824 495 4874 ου,
508 4803 531 4871 0¹,
545 4801 569 4873 i,
591 4803 617 4858 l.
630 4800 762 4881 proprie:
783 4800 818 4875 ir,
882 4805 908 4863 l.
922 4820 992 4861 tetro
1001 4819 1053 4876 me,
1067 4802 1173 4883 depono
1183 4803 1361 4877 vettimento,
1374 4824 1471 4874 crena,

1410 4898 1475 4948 etc.
