3046 5496
674 550 750 627 xvii

152 766 262 836 ramus,
287 745 490 847 chartaque
515 747 669 847 pulchra
699 747 881 825 conficere
902 749 1032 825 visum.
1085 750 1147 829 Ab
1177 749 1283 826 initio
1308 748 1388 824 fere

151 894 247 971 lineae
262 896 398 995 incipit
413 923 546 972 vocum
563 898 618 972 vis
641 910 679 972 et
704 897 926 998 explicatio:
954 900 1104 976 nomina
1133 926 1279 1001 quoque
1308 924 1390 999 pro·

150 1047 211 1145 pria
232 1047 505 1123 characteribus
531 1046 740 1146 majusculis
769 1048 1043 1147 insigniuntur..
1081 1051 1184 1139 Quin
1215 1063 1255 1126 et
1279 1072 1392 1123 voces

150 1194 376 1295 formulasque
406 1197 646 1273 Germanicas
677 1196 839 1297 Anglice
869 1200 1064 1274 vertendas
1091 1200 1324 1275 curavimus:
1353 1207 1392 1270 et

150 1344 290 1442 priorum
319 1346 524 1421 editionum
552 1344 667 1437 locos,
692 1346 814 1420 miuus
848 1359 1021 1422 accurate
1048 1347 1230 1439 laudatos,
1259 1344 1393 1421 millies

150 1518 248 1591 supra,
266 1504 369 1568 recte
388 1493 657 1569 constituimus.

187 1739 325 1813 Gratias
342 1741 477 1837 agendi
502 1741 588 1814 viris
605 1739 775 1839 ingenuis
798 1751 837 1815 et
862 1739 1097 1831 doctissimis,
1125 1765 1282 1839 quorum
1302 1738 1392 1814 duc·

151 1898 183 1958 tu
203 1899 236 1961 et
261 1888 432 1985 auspiciis
456 1887 613 1963 multum
648 1914 771 1962 sumus
805 1886 935 1986 adjuti,
969 1876 1200 1963 occasionem
1234 1886 1393 1961 libenter

151 2032 333 2131 arripimus,
359 2045 399 2109 ct
422 2036 635 2132 praesertim
659 2035 838 2111 Groncro
870 2035 1027 2125 Masou,
1051 2035 1130 2110 viro
1156 2058 1333 2135 perquam
1357 2059 1393 2106 a·

150 2185 241 2274 nico,
266 2199 304 2259 et
336 2186 542 2260 litbcrarum
570 2184 815 2262 Orientalium
849 2184 1084 2283 peritissimo,
1109 2185 1173 2283 qui
1208 2186 1247 2259 in
1283 2184 1394 2260 corri-

148 2333 259 2429 gendis
284 2331 451 2432 plurimis
481 2333 663 2408 erroribus
696 2332 867 2408 editionis
902 2344 1065 2425 exterae,
1103 2357 1179 2407 non
1206 2332 1323 2407 solum
1352 2331 1391 2404 in

150 2479 251 2553 verbis
280 2478 547 2571 Orientalibus,
576 2482 837 2557 verumetiam
862 2480 899 2552 in
926 2479 1016 2555 locis
1034 2479 1081 2553 ad
1105 2480 1227 2555 Vetus
1256 2504 1300 2554 ac
1317 2478 1394 2553 No·

151 2648 222 2699 vum
236 2626 477 2701 Testamenta
493 2626 626 2714 citatis,
646 2652 754 2726 opem
771 2626 876 2702 nobis
892 2627 1055 2725 benigne
1072 2624 1169 2700 tulit.

193 2877 294 2965 Quod
331 2878 380 2952 ad
409 2878 528 2976 ipsum
555 2876 689 2951 librum
719 2876 867 2964 attinet,
897 2899 963 2972 pro
991 2888 1095 2947 certo
1119 2874 1298 2947 habemus
1314 2870 1394 2945 fore

148 3030 328 3117 neminem,
359 3029 420 3102 cui
449 3028 542 3101 haec
571 3037 608 3100 et
634 3023 774 3098 similia
801 3022 903 3099 cordi
934 3033 1020 3097 sunt
1053 3019 1189 3110 studia,
1214 3019 1277 3119 qui
1308 3042 1394 3092 eum

146 3178 295 3251 inusum
321 3201 428 3250 suurn
460 3198 596 3272 magno
626 3172 703 3246 sine
729 3171 869 3261 fructu,
901 3195 987 3246 curn
1013 3170 1170 3268 quadarn
1194 3168 1396 3266 conjuncto

144 3326 389 3411 admiratione,
428 3322 597 3398 conferre
637 3331 772 3420 potest.
825 3320 953 3408 Porro,
988 3330 1126 3408 autem,
1159 3319 1231 3392 hoc
1267 3315 1396 3392 confir-

143 3504 232 3553 mare
257 3477 452 3564 audemus,
481 3473 600 3546 vimm
625 3467 890 3558 venerandum,
921 3467 1151 3543 conditorem
1175 3467 1284 3567 hujus
1311 3466 1395 3542 libri

141 3626 375 3716 celeberrimi,
402 3633 553 3722 propter
590 3618 780 3717 ingenium
817 3616 925 3715 plane
956 3617 1161 3702 subactum,
1198 3626 1237 3690 et
1270 3614 1397 3713 cogni·

139 3778 273 3852 tionem
304 3775 444 3850 variam
478 3797 522 3845 ac
565 3768 805 3853 reconditam,
843 3766 890 3839 de
921 3766 1091 3841 omnibus
1124 3763 1290 3852 eruditis,
1330 3762 1397 3836 sed

137 3926 348 4027 praesertim
365 3919 593 4019 Theologiae
607 3915 791 4005 studiosis,
807 3917 903 3991 bene
917 3940 1060 4014 semper
1071 3940 1149 3989 esso
1166 3913 1395 3989 meriturum.

138 4074 281 4163 Valeas,
312 4070 441 4169 igitur,
468 4066 728 4141 humanissimo
761 4064 904 4138 lector:
931 4088 979 4137 ne
1013 4062 1221 4152 offendaris,
1251 4058 1397 4157 siquid

136 4252 157 4299 a
179 4223 284 4297 nobis
315 4229 510 4318 peccatum
528 4215 588 4306 sit,
615 4226 652 4288 ot
674 4210 879 4286 humillimo
894 4210 1009 4285 labori
1027 4209 1163 4299 faveas,
1189 4231 1397 4307 precamur.

135 4374 209 4449 Sor.
236 4364 459 4464 Edinbnrgi,
477 4363 605 4440 Idibus
621 4359 815 4451 Januariis,
835 4360 884 4436 A.
899 4358 943 4436 C.
962 4379 1230 4466 crorocccxrv.
