3046 5496
404 1084 722 1185 LECTORI
757 1093 1163 1187 BENEVOLO

739 1372 769 1434 8.
783 1372 825 1434 D.

595 1646 966 1727 EDITORES.

145 2384 353 2474 Eurum
390 2394 471 2494 jam
513 2421 630 2497 prope
672 2399 875 2487 biennium,
928 2420 976 2473 ex
1019 2422 1093 2497 quo
1140 2396 1343 2472 Scunnusn

142 2543 321 2620 Lnxrcon
362 2546 502 2645 publici
534 2547 630 2646 juris
674 2546 798 2623 facere
840 2546 1084 2639 decrevimus,
1127 2546 1264 2646 quippe
1305 2572 1343 2645 qt

142 2698 373 2773 eruditorum
406 2696 585 2791 omnium,
620 2722 820 2796 eorumque
845 2697 1044 2797 praecipue
1074 2697 1137 2796 qui
1168 2698 1287 2772 Sacris
1328 2697 1343 2770 ]

140 2845 230 2919 teris
256 2870 335 2920 sese
370 2844 522 2932 dedant,
558 2843 682 2919 studio
712 2843 866 2941 dignum
904 2866 983 2917 esse
1021 2839 1220 2918 videretur.
1272 2844 1343 2919 Erre

140 2991 258 3090 plaria
283 3018 371 3067 vero
399 2993 507 3090 hujus
530 2992 650 3090 operis
667 2989 850 3064 utilissimi
867 2991 930 3063 vix
947 3001 1013 3064 aut
1028 3013 1078 3063 ne
1092 2990 1156 3063 vix
1168 2990 1343 3089 quidem]

141 3160 295 3233 usquam
312 3137 468 3211 inveniri
489 3149 674 3235 poterant,
700 3160 820 3237 neque
837 3138 1007 3212 omnibus
1023 3137 1264 3236 temporibus,
1283 3161 1343 3234 qua

140 3281 195 3354 vis
208 3280 361 3380 Lipsiae·
373 3284 505 3358 iterum
518 3299 629 3384 atque
646 3287 779 3361 iterum
797 3286 998 3384 prodierat,
1015 3285 1208 3374 satistuto,
1220 3282 1343 3358 bellos

138 3430 278 3521 viente,
296 3433 472 3529 asportari
490 3433 726 3524 sinebantur;
746 3445 890 3531 etquae
903 3432 1108 3506 identidem
1123 3431 1171 3503 ad
1188 3430 1343 3503 littoran

138 3592 197 3654 tra
227 3579 329 3678 quasi
357 3578 483 3652 furtim
502 3580 779 3678 perveniebant,
809 3606 854 3654 ea
871 3579 1005 3679 majore
1033 3590 1181 3674 sumptu
1212 3601 1343 3675 quam]

138 3740 296 3827 aspectu
310 3752 435 3801 corum
454 3738 493 3800 et
522 3751 611 3800 cura
635 3752 769 3825 operae
791 3726 956 3801 adhibita
982 3724 1139 3800 emenda
1163 3736 1280 3798 erant.
1332 3724 1343 3796 ]

138 3888 237 3952 stant
254 3877 292 3948 in
309 3876 436 3974 primis
456 3875 525 3949 hae
544 3901 689 3968 causae,
710 3901 822 3974 quare
839 3874 947 3973 hujus
964 3886 1115 3974 quartae
1133 3874 1305 3948 editionis
1321 3900 1343 3973 p

136 4021 312 4096 ferendae
343 4021 536 4095 consilium
562 4024 805 4121 agitavimus:
832 4024 879 4099 de
905 4048 990 4123 qua,
1019 4020 1137 4098 lector
1160 4022 1337 4112 studiose,

135 4169 317 4243 monitum
335 4167 465 4267 paucis
478 4169 645 4245 velimus.

184 4417 264 4491 Nos
281 4440 430 4514 operam
447 4416 631 4508 dedimus,
647 4429 691 4492 nt
714 4417 882 4509 maculis,
898 4443 996 4516 quae
1010 4418 1142 4493 tertiae
1159 4414 1313 4490 editioni
1339 4444 1343 4487 ε

132 4563 320 4651 haereant,
347 4563 512 4655 sublatiS,
546 4563 748 4664 specimina
771 4565 1039 4665 typographica
1064 4587 1174 4663 quarn
1199 4574 1343 4637 accurat

130 4711 221 4788 sime
247 4712 517 4791 exhiberemus.
567 4712 701 4790 Forma
726 4712 877 4815 quidem
901 4712 1033 4802 nitida,
1059 4722 1101 4789 et
1125 4708 1223 4803 utili,
1248 4720 1292 4787 ut
1322 4733 1343 4808 sj
