3046 5496
650 587 717 663 xiii

44 771 159 870 glossas
186 803 343 877 sacras,
380 797 424 860 ut
451 793 599 874 vocant,
625 785 872 876 continerent,
906 799 987 862 tmn
1017 785 1127 860 etiam
1154 783 1192 856 in
1219 779 1303 872 illis,

46 911 123 985 quae
138 892 183 967 ad
200 896 425 998 Scriptores
448 924 600 998 graecos
625 899 794 976 universe
819 903 1072 1000 pertinerent;
1104 919 1304 995 eorumque

47 1025 152 1097 musa,
176 1012 244 1108 qui
263 1011 376 1089 libris
393 1015 586 1088 doctorum
604 1015 738 1089 veteris
756 1016 933 1092 ecclesiae
960 1016 1177 1091 christianae
1203 1038 1304 1110 mag·

47 1139 123 1192 num
136 1127 306 1220 pretium
326 1140 488 1205 statuere
506 1142 791 1220 consueverunt,
821 1156 867 1205 ex
884 1132 1013 1206 horum
1041 1153 1186 1228 quoque
1203 1127 1304 1201 libris

48 1233 192 1312 rationes
220 1240 576 1343 interpretationum
603 1240 841 1343 singularum,
875 1271 898 1319 a
929 1271 989 1320 me
1022 1245 1304 1344 propositarum,

49 1350 168 1442 Passim
184 1357 341 1452 protuli,
368 1383 457 1457 quas
473 1361 512 1432 in
530 1359 609 1434 aliis
625 1360 716 1435 locis
733 1385 754 1433 e
772 1359 873 1460 sylva
888 1362 1068 1434 variarum
1086 1358 1303 1448 lectionum,

49 1457 90 1532 N·
117 1464 161 1538 T.
188 1481 230 1543 et
258 1472 354 1547 locis
380 1473 562 1572 parallelis
590 1487 718 1573 petere
747 1488 786 1550 et
812 1476 1017 1566 desumere,
1053 1498 1122 1547 usu
1148 1498 1232 1546 meo
1255 1474 1304 1549 de

52 1598 179 1654 summa
195 1609 328 1663 eorum
345 1589 505 1664 utilitate
522 1601 562 1664 et
576 1592 799 1688 praestantia
815 1592 981 1677 edoctus,
1007 1589 1108 1662 haud
1125 1588 1307 1663 dubitavi-¹

53 1692 116 1768 Sed
131 1722 283 1796 operam
300 1702 492 1800 perderem
510 1717 550 1779 et
578 1705 686 1780 nimis
703 1707 881 1804 spatiosus
898 1705 988 1779 mihi
1014 1702 1215 1801 aperiretur
1233 1702 1305 1774 dis-

52 1812 186 1886 serendi
198 1840 367 1916 campus,
393 1820 422 1893 si
434 1820 563 1894 omnia
579 1846 624 1896 ac
640 1821 798 1920 singula,
824 1845 917 1920 quae
934 1845 956 1893 a
972 1843 1032 1891 me
1049 1818 1088 1889 in
1105 1816 1176 1889 hoc
1194 1815 1305 1888 Novo

52 1922 183 2003 Lexico
200 1933 401 2008 condendo
416 1937 591 2033 praestita
608 1936 694 2028 sint,
719 1937 868 2011 uberius
886 1958 1053 2010 enarrare
1071 1946 1109 2007 et
1127 1931 1305 2030 exemplis

51 2040 222 2122 illustrare
248 2047 397 2140 vellem,
423 2075 507 2124 cum
530 2050 639 2125 facile
657 2052 775 2150 quivis
792 2050 998 2150 intelligere
1016 2074 1060 2124 ac
1077 2048 1308 2122 animadver-

52 2166 122 2231 tere
136 2162 267 2258 possit,
288 2165 352 2262 qui
370 2188 492 2239 meum
509 2164 642 2240 librum
661 2191 745 2240 cum
764 2165 843 2241 aliis
861 2165 1025 2262 ejusdem
1041 2165 1186 2263 generis
1204 2148 1306 2238 com}

52 2293 168 2368 parare
185 2275 287 2351 velit.
340 2277 394 2353 Ut
419 2303 546 2354 omnes
563 2304 607 2354 ac
625 2281 787 2380 singulos
813 2281 922 2355 Viros
939 2280 1083 2369 doctos,
1110 2303 1130 2351 e
1148 2304 1304 2376 quorum

53 2389 185 2485 scriptis
208 2390 327 2466 multa
350 2393 390 2467 iu
415 2418 521 2467 usum
547 2419 671 2469 meum
697 2397 877 2487 converti,
903 2418 1046 2492 semper
1063 2392 1305 2483 nominarem,
1343 2473 1344 2476 Ἴ

10 2532 12 2541 ·
54 2498 199 2576 instituti
223 2506 384 2580 brevitas
401 2508 549 2606 quidem
567 2533 642 2583 non
658 2511 910 2611 permittebat,
935 2508 1001 2584 sed
1017 2519 1163 2606 praeter
1186 2508 1306 2581 varios

55 2612 262 2714 interpretes
288 2621 465 2695 librorum
494 2623 543 2697 N.
563 2623 609 2697 T.
638 2627 872 2724 antiquiores,
900 2627 939 2698 in
964 2625 1044 2721 ipso
1060 2622 1153 2696 libro
1169 2621 1304 2718 passim

55 2725 226 2822 laudatos,
263 2734 375 2810 libros
409 2748 448 2810 et
477 2739 748 2812 observationes
781 2740 1028 2815 recentiorum
1064 2738 1304 2834 Scriptorum,

56 2847 259 2921 nominatim
283 2875 473 2942 rrscurar,
508 2876 739 2942 rrrrrunuru,
765 2876 873 2939 noar,
901 2873 1305 2938 noannarn1u11,ras-

57 2980 147 3051 rrm,
172 2987 335 3053 sroaan,
361 2987 503 3052 xorrn,
531 2989 799 3058 ruinartium,
825 2966 1052 3061 aliorumque
1078 2963 1304 3066 doctissimo·

57 3098 123 3148 rom
140 3077 331 3151 hominum
362 3079 461 3152 haud
485 3104 615 3178 parum
640 3080 730 3152 mihi
755 3081 948 3177 profuisse,
975 3077 1106 3151 lubens
1124 3089 1162 3152 et
1178 3089 1305 3175 gratus

56 3190 223 3284 profiteor.
276 3192 584 3290 Emendationem
610 3194 826 3268 schedarum
853 3192 1200 3295 typographicamm
1230 3215 1306 3264 sus·

36 3305 164 3402 ⁴cipere
181 3308 229 3380 ob
256 3307 330 3382 loci
357 3307 566 3382 distantiam
592 3309 670 3407 ipsc
689 3334 764 3382 non
780 3310 899 3407 potui,
925 3331 995 3380 nec
1013 3303 1214 3379 suntoculi
1232 3304 1305 3376 mei

57 3427 117 3491 tam
132 3420 379 3519 perspicaces,
397 3432 439 3495 ut
456 3422 579 3495 omnia
594 3434 750 3520 peccata
766 3421 1033 3522 typographica
1050 3430 1178 3492 notare
1194 3418 1305 3492 facile

56 3534 192 3626 possint.
245 3533 303 3607 Eo
318 3537 435 3634 magis
451 3537 565 3634 igitur
594 3549 651 3610 est
679 3561 702 3610 a
726 3562 785 3610 me
815 3534 1000 3609 laudanda
1017 3544 1056 3607 et
1072 3532 1305 3633 suspicienda

55 3646 165 3743 etjam
182 3647 306 3746 palam
322 3650 568 3747 praedicanda
584 3676 726 3725 summa
743 3650 936 3748 diligentia
952 3648 1034 3721 Viri
1052 3646 1303 3732 Celeberrimi,

55 3759 260 3839 Doctissimi
285 3774 325 3836 et
341 3763 583 3863 Linguamm,
610 3765 855 3841 Orientalium
882 3762 1054 3845 maxime,
1081 3759 1306 3857 peritissimi,

55 3897 239 3967 uersuum,
257 3880 507 3976 Philosophiae
524 3883 747 3979 Professoris
764 3879 973 3977 Lipsiensis,
1001 3877 1063 3974 qui
1086 3901 1162 3949 non
1188 3876 1307 3950 solum

53 4015 180 4069 errores
196 3994 511 4093 typographorum
537 4007 613 4070 tam
638 3997 836 4094 diligenter
861 3994 1017 4082 notavit,
1041 4005 1085 4066 ut
1102 4017 1186 4065 eum
1214 3993 1307 4066 nihil

53 4103 163 4198 facile,
201 4118 384 4205 quantum
414 4108 585 4205 equidem
618 4109 708 4200 vidi,
747 4109 927 4207 effugerit,
959 4106 1175 4197 sedetiam,
1211 4108 1240 4179 si
1268 4108 1308 4181 in

53 4219 126 4319 ipsis
153 4222 331 4322 plagulis,
360 4249 383 4296 a
416 4249 475 4296 me
505 4224 662 4327 scriptis,
696 4249 836 4299 errores
870 4224 1024 4311 detexit,
1064 4220 1306 4297 imbecillitati

53 4333 147 4412 facile
174 4335 454 4424 condonandos,
481 4348 545 4412 aut
570 4338 608 4410 in
633 4338 778 4430 litteris,
796 4341 1010 4415 accentibus
1027 4351 1066 4413 et
1082 4338 1210 4411 ordine
1228 4339 1317 4441 ipso.

59 4455 236 4529 verborum
263 4449 450 4548 quaedam
474 4454 621 4526 turbata
645 4465 781 4545 essent,
807 4480 904 4528 ame
922 4479 1031 4551 quam
1049 4453 1326 4540 humanissime,

57 4584 177 4666 egatus,
215 4563 389 4640 feliciter
410 4566 568 4639 correxit
592 4578 632 4643 et
660 4568 874 4643 emendavit
903 4579 942 4640 et
971 4568 1025 4640 ita
1054 4591 1180 4641 omncs
1209 4593 1309 4642 meas

57 4699 147 4776 partes
163 4688 255 4790 egit,
335 4677 437 4755 Huic
461 4680 585 4783 itaque
610 4681 821 4760 doctissimo
847 4693 885 4758 et
909 4679 1201 4791 mihi-carissimo
1219 4682 1310 4774 viro,
