3046 5496
535 1107 973 1211 PRAEFATIO

421 1337 728 1418 rurrrovrs
759 1342 1081 1421 srcunnnr.

636 1666 853 1692 m

637 1694 852 1709 -ῄ

132 1922 243 2015 Ocro
262 1939 415 2014 circiter
428 1937 513 2012 anni
528 1937 639 2037 elapsi
652 1950 752 2028 sunt,
763 1963 809 2012 ex
823 1964 895 2037 quo
908 1938 1052 2012 libellus
1064 1937 1125 2012 hic
1142 1961 1245 2010 meus
1260 1933 1381 2008 lucem

134 2059 284 2154 primum
314 2054 497 2152 adspexit.
549 2055 768 2151 Quanquam
795 2064 918 2128 autem
945 2054 982 2127 in
1005 2078 1050 2128 eo
1067 2051 1286 2126 elaborando
1308 2073 1384 2123 om·

135 2193 214 2242 nem
230 2168 484 2266 impenderam
501 2191 650 2264 operam
675 2193 718 2241 ac
745 2168 988 2264 diligentiam,
1014 2179 1057 2240 ut
1078 2191 1215 2265 paucas
1242 2176 1386 2238 tantum

138 2284 381 2357 correctiones
412 2306 455 2355 ac
489 2281 766 2355 emendationes
795 2282 988 2356 admittere
1025 2281 1224 2365 videretur,
1264 2290 1387 2350 taimen

139 2401 276 2473 nonita
292 2398 411 2472 multo
428 2409 525 2495 post,
550 2397 715 2495 inprimis
734 2410 859 2472 autem
887 2423 971 2472 curn
998 2422 1114 2471 novae
1141 2395 1311 2469 editionis
1328 2416 1389 2490 pa-

142 2515 271 2587 randae
289 2512 451 2586 officium
470 2512 559 2584 mihi
576 2511 712 2585 librarii
739 2513 937 2587 haeredum
958 2513 1106 2585 nomine
1124 2511 1391 2609 injungeretur,

144 2653 215 2702 uon
232 2626 479 2715 deesse‘mihi,
498 2650 582 2699 eum
599 2626 724 2700 multis
741 2627 780 2700 in
796 2627 887 2701 locis
911 2627 1044 2725 partim
1071 2623 1290 2722 castigandi,
1314 2647 1394 2721 par·

149 2743 213 2813 tim
238 2743 345 2814 etiam
368 2739 544 2835 augendi,
575 2741 821 2828 occasionem,
847 2741 924 2836 ipse
951 2765 1025 2813 non
1052 2739 1168 2812 solum
1194 2736 1394 2825 observavi,

152 2856 213 2929 sed
231 2854 530 2928 etiamVirorum
548 2852 752 2939 doctorum,
780 2853 842 2949 qui
861 2877 925 2924 sua
943 2854 989 2926 de
1016 2853 1087 2929 hoc
1104 2853 1226 2926 labore
1245 2877 1328 2926 meo
1338 2853 1397 2947 ju-

151 2969 241 3042 dicia
257 2971 569 3066 interposuerunt,
599 2966 747 3040 monitis
773 2965 927 3040 edoctus
946 2966 1115 3063 cognovi.
1167 2966 1225 3038 Ex
1244 2990 1316 3061 quo
1332 2963 1399 3060 igi·
1439 3006 1445 3011 -

151 3096 206 3156 tur
225 3084 383 3181 primum
413 3081 452 3153 in
478 3081 605 3165 lucem,
631 3082 781 3157 emissus
809 3094 887 3156 erat
916 3082 1101 3180 publicam
1127 3083 1187 3156 hic
1208 3082 1313 3171 liber,
1340 3105 1401 3155 ex·

155 3197 268 3294 emplo
284 3221 383 3285 me0,
411 3195 546 3269 chartis
564 3195 688 3283 vacuis
707 3197 894 3287 distincto,
921 3197 1118 3295 diligenter
1146 3197 1319 3295 adscripsi
1341 3196 1403 3270 ob·

156 3309 384 3397 servationes,
411 3333 499 3405 quas
526 3307 614 3380 mihi
641 3320 679 3381 et
701 3309 935 3406 quotidianae
952 3308 1029 3383 sere
1047 3312 1085 3382 in
1102 3312 1151 3385 N.
1171 3312 1217 3384 T.
1245 3311 1405 3408 praelec-

157 3424 268 3519 tiones
285 3422 534 3511 academicae,
560 3433 599 3495 et
615 3446 701 3496 usus
727 3423 927 3501 multorum
953 3424 1142 3514 librorum,
1168 3426 1214 3498 ad
1231 3425 1408 3521 interpre-

159 3538 329 3610 tationem
352 3535 529 3609 librorum
557 3560 741 3608 sacrorum
759 3538 808 3610 N.
829 3537 876 3610 T.
896 3538 1174 3635 pertinentium,
1201 3538 1409 3635 suppedita-

159 3651 228 3738 bat,
254 3662 293 3723 et
324 3674 477 3746 quarum
505 3648 691 3723 delectum
722 3652 873 3726 exhibet
900 3651 992 3725 haec
1022 3677 1117 3725 nova
1138 3652 1262 3725 editio.
1315 3653 1409 3726 Sunt

161 3777 278 3836 autem
305 3763 344 3833 in
375 3786 418 3834 ea
445 3774 529 3836 acta
549 3762 627 3837 fere
653 3764 756 3839 haec.
810 3766 916 3852 Quae
942 3790 1074 3864 nempe
1100 3765 1186 3839 olim
1210 3779 1313 3838 erant
1334 3790 1409 3838 non

163 3879 242 3951 satis
258 3875 383 3974 plane,
410 3888 580 3950 accurate
599 3889 637 3951 et
655 3879 930 3978 circumscripte
954 3904 1137 3977 expressa,
1162 3879 1325 3977 planiora
1341 3879 1413 3976 pri·

164 4017 257 4065 mum
286 3989 392 4063 effeci
423 4001 462 4062 et
495 3990 672 4087 pleniora,
699 4006 914 4069 conservata
943 4005 1066 4067 tamen
1096 3995 1289 4081 brevitate,
1320 4017 1413 4088 quae

167 4106 224 4178 tali
241 4105 347 4191 libro,
368 4115 409 4176 ut
422 4105 600 4177 sumtibus
616 4119 787 4204 parcatur
805 4107 970 4205 adeoque
987 4107 1143 4205 plurium
1163 4109 1286 4181 usibus
1304 4108 1415 4179 inser·

168 4222 251 4310 viat,
276 4220 423 4318 propria
448 4243 525 4291 esse
544 4219 665 4294 debet.
718 4221 772 4294 Ut
790 4222 925 4295 deinde
951 4221 1208 4294 nonnullorum
1227 4219 1416 4295 desideriis

169 4334 426 4423 satisfacerem,
444 4344 620 4430 quantum
639 4334 837 4432 descriptio
854 4337 972 4409 omnis
990 4335 1108 4432 operis
1125 4344 1324 4430 pateretur,
1343 4360 1419 4411 non
1441 4333 1443 4337 ’

171 4451 286 4524 solum
311 4448 463 4520 vocibus
488 4447 672 4520 nonnullis
702 4449 805 4522 novis
833 4446 1326 4548 (v.c.’Allaa,''1lpapa,aa'r,
1352 4465 1422 4519 Δια.

172 4573 250 4661 qipa,
289 4561 483 4656 Διαχλευᾶζω,
518 4559 621 4654 Kilprc,
658 4560 798 4656 Ὁμίχλη,
837 4571 938 4646 llario,
981 4561 1196 4654 Συναυλίζομαι)
1234 4586 1254 4634 e
1293 4563 1425 4638 Collec-
1484 4656 1488 4664 .

177 4681 337 4761 tionibus
370 4677 552 4754 variarum
584 4676 787 4754 lectionum
817 4677 866 4754 N.
887 4676 933 4753 T.
963 4677 1126 4766 delectis,
1156 4676 1359 4777 explicatis,
1387 4690 1425 4753 et
