3046 5496
136 96 453 217 ”metandam
742 120 780 189 A
800 106 832 191 P
1222 98 1386 218 'Apionos

132 273 266 324 nontam
284 283 337 324 seu
358 263 455 323 collem
479 272 579 332 notat3
601 263 640 322 cf.
664 263 755 324 Colli-
850 259 1127 337 'octonarium
1141 291 1178 334 ου,
1200 268 1223 335 ὅ,
1245 262 1405 343 Areopagi·

137 342 237 404 maa.
252 345 361 426 Hpmn.
375 346 405 404 ih
418 343 526 405 Delam
539 365 566 404 v.
580 346 649 409 270.
692 346 754 404 La·
796 355 837 416 to,
873 364 924 424 pro
940 345 1129 429 ’ΛςοοοπογΙης
1147 364 1186 404 ex
1207 343 1331 402 dialecto
1347 346 1403 401 At-

143 425 421 505 domdermnoa.
435 445 462 484 c.
479 431 524 487 19.
796 425 855 484 tica
896 446 940 504 pr.
959 427 990 485 in
1003 429 1164 508 Areopago,
1188 445 1302 484 versans
1316 433 1343 482 et
1358 443 1404 482 oo-

172 510 203 565 2.
218 508 276 566 ω’
296 510 380 583 lionis
399 506 441 565 Itu
460 506 611 565 dicebatur
625 506 754 566 celeber·
796 516 923 588 capatus,
941 509 992 589 (ut
1004 510 1137 584 λομυῖτοις,
1160 509 1278 583 'asima
1293 502 1403 564 distahi-

151 586 238 645 rimus
251 587 299 646 ille
319 587 447 666 supremi
466 585 636 667 (Plutarch.
656 588 687 645 in
703 589 755 647 So-
797 614 839 654 ης
853 586 927 667 etc.)
944 587 1049 647 deinde
1063 608 1133 646 vero
1177 587 1220 645 rei
1230 585 1338 666 judicii
1358 605 1404 642 as-

154 665 222 726 lonir
241 669 303 726 Vita
325 673 368 731 vla
388 669 437 728 dm
457 673 549 738 βουλὲο
570 679 666 738 vocat,
688 669 755 746 qula
797 688 897 739 sessor,
912 678 983 726 anas
998 688 1138 728 enumero
1148 666 1292 746 judicum,
1307 665 1357 745 qai
1369 685 1404 723 aa

156 768 193 806 ex
204 748 332 807 Instituta
348 749 460 807 Solonis
475 749 615 827 inspectio
631 749 753 826 reliquo·
796 748 927 807 mutilato
944 739 1054 807 Solonis
1068 748 1097 807 in
1120 751 1271 827 Areopago
1286 748 1321 804 de
1333 767 1404 825 gra·

157 850 214 888 rum
228 830 354 888 omnium
373 829 548 907 judiciorum
570 841 601 888 et
623 829 755 887 custodia
797 829 916 888 cissimis
928 831 1019 888 causis
1040 828 1239 908 cognoscebant
1253 837 1280 885 et
1293 836 1404 885 sarten-

159 910 246 989 legum
260 911 287 968 ei
302 907 476 968 demandata
489 917 561 969 erat.
604 909 678 968 Vide
700 911 754 967 Va·
797 911 866 968 tiam
880 910 1117 990 pronuntiabant,
1142 911 1175 992 (a
1195 907 1331 987 praeced.
1353 916 1405 966 v'o-

158 990 245 1050 lett'am
265 991 302 1049 ud
326 990 502 1070 Harpocral.
525 992 554 1049 In
576 993 705 1073 agardus<
726 1011 755 1068 p.
798 993 859 1071 ce.)
880 995 946 1049 Act.
960 990 1058 1060 XVII,
1074 997 1122 1050 34.
1143 990 1265 1056 Διονῦσοος
1280 990 1405 1070 'Agam-

159 1077 194 1135 67
205 1093 244 1150 sq.
258 1073 305 1130 ed.
319 1069 509 1144 Blancordi.)
525 1083 556 1130 et
572 1072 705 1150 perpetui
726 1091 755 1130 a·
797 1075 878 1144 γίης,
893 1072 952 1149 qui,
966 1090 1002 1129 an
1017 1091 1084 1130 vere
1095 1068 1132 1129 sit
1142 1080 1245 1128 auctor
1254 1069 1404 1139 librorum,

159 1153 212 1230 pud
226 1154 419 1211 Athenienses
434 1153 536 1232 judicii
556 1154 637 1211 iocus
651 1154 681 1215 iu
695 1153 755 1211 col·
798 1153 847 1230 qui
869 1154 922 1211 sub
947 1155 1009 1229 ejus
1031 1151 1147 1211 nomiae
1171 1151 1208 1208 de
1231 1149 1405 1208 Hierarchia

159 1233 267 1292 lehaud
281 1234 385 1311 procul
405 1236 441 1292 ab
463 1233 602 1311 Acropoli
623 1234 704 1303 situs,
726 1234 755 1290 in
797 1230 916 1291 coelesti
939 1226 1191 1302 circumferuntur,
1213 1249 1271 1288 nou
1294 1241 1405 1288 temere

162 1334 212 1392 quo
221 1315 329 1391 judicia
343 1326 373 1372 et
387 1315 570 1392 quaestiones
582 1335 687 1382 rerum,
702 1334 755 1392 po·
798 1332 864 1371 cum
879 1313 1010 1372 Loaaoio
1024 1321 1055 1371 et
1068 1311 1192 1373 Dallaeo
1206 1311 1363 1369 dubitatur.

160 1395 289 1453 tissimum
313 1395 504 1454 criminalium
527 1396 678 1472 factaeque
703 1414 755 1451 ne·
852 1391 1101 1464 'Atdtxttma
1115 1396 1138 1463 i,
1157 1392 1279 1451 stadium
1288 1388 1405 1470 placea-

161 1476 207 1544 cis,
219 1477 407 1546 habebantur,
426 1487 457 1533 et
477 1475 615 1554 inprimis,
634 1475 755 1552 nequid
798 1474 830 1532 di
842 1474 908 1533 aliis
922 1485 949 1534 et
971 1485 1065 1534 'eoram
1072 1476 1208 1553 fluorem
1225 1472 1361 1552 captandi
1373 1470 1405 1529 In

162 1555 191 1613 in
205 1557 324 1635 receptis
348 1557 436 1615 sacris
457 1566 567 1615 temere
591 1557 755 1629 immutare*-
798 1555 963 1613 universum
977 1566 1069 1627 notat,
1083 1556 1141 1613 siae
1153 1575 1182 1613 sa
1201 1560 1310 1612 assant
1323 1549 1405 1610 llan-

161 1648 213 1708 tm,
235 1640 398 1700 cavebatur.
449 1637 516 1696 Vid.
537 1636 627 1717 Diog.
655 1632 755 1695 La'e'rt.
798 1635 887 1707 ditiis,
911 1636 1144 1696 assertationibus
1167 1634 1234 1693 aliis
1253 1655 1288 1693 ae
1304 1632 1405 1713 prauis

162 1716 251 1788 111,5.
273 1724 340 1778 115.
381 1715 510 1798 Xenoplt.
531 1718 620 1776 Mem.
643 1718 699 1787 III,
725 1723 755 1787 6,
798 1717 917 1789 artibm,
935 1714 1036 1797 (Conf.
1055 1715 1195 1797 Theoplr.
1208 1655 1296 1775 Clar.
1310 1731 1336 1771 c.
1347 1712 1402 1793 V.)

161 1802 207 1858 20.
243 1799 452 1878 Appellabutur
472 1812 570 1857 autem
592 1799 648 1856 hoc
668 1797 756 1857 δοοοο-
798 1798 855 1856 aar
868 1797 905 1857 sit
915 1804 1028 1879 justam
1043 1806 1071 1857 et
1090 1796 1256 1877 legitimum,
1277 1795 1313 1855 ab
1334 1793 1408 1877 liga·

162 1883 239 1962 οέςιοι,
258 1900 311 1938 sea
332 1880 413 1938 curia
433 1880 620 1939 Atheniensis
634 1898 652 1937 a
666 1879 757 1937 Grae·
798 1907 851 1951 οος,
865 1879 915 1961 qui
927 1877 992 1938 alia
1001 1878 1116 1960 placere
1129 1879 1232 1948 studet,
1241 1874 1320 1936 unde
1334 1882 1406 1957 atgre-

161 1960 301 2045 cis'ngoa
317 1964 402 2034 ripa
416 1973 446 2019 et
460 1981 477 2019 a
491 1961 602 2019 Latinis
623 1959 757 2040 Scepsius
799 1961 904 2037 οοῦομο
917 1958 1056 2019 blandior.
1098 1960 1133 2017 In
1154 1958 1263 2018 exterit
1278 1955 1408 2034 Scripto-

163 2039 306 2114 Ilioaortis,
328 2042 417 2100 Caria
438 2042 548 2100 Mortis
572 2042 614 2122 (v.
629 2042 757 2106 (1111111-
799 2040 879 2099 rihus
891 2038 953 2100 sere
967 2060 1081 2119 semper
1094 2041 1124 2098 in
1144 2041 1214 2098 vitio
1232 2037 1359 2115 ponitur,
1374 2049 1408 2095 ut

162 2122 286 2182 nasa
301 2122 356 2192 IX,
370 2143 397 2180 v.
424 2123 506 2202 101.)
530 2134 561 2180 et
583 2123 688 2181 Areum
702 2124 757 2180 Ja-
799 2122 1015 2180 assentatoriam
1037 2120 1181 2200 quandam
1209 2117 1406 2177 affabilitatem

162 2202 263 2275 dicium,
280 2206 325 2287 (v.
340 2223 366 2262 c.
384 2203 476 2262 Tacit.
491 2202 597 2261 Aonal.
618 2203 659 2274 11,
678 2202 756 2281 55.),
800 2202 961 2279 significet;
981 2201 1033 2261 sed
1047 2201 1075 2258 in
1091 2202 1129 2259 N.
1144 2201 1178 2258 T.
1191 2220 1244 2278 per
1260 2198 1407 2277 antiphra-

163 2285 214 2356 vel,
237 2286 314 2364 quod
342 2284 432 2343 Marti
461 2295 646 2343 consecratus
670 2294 757 2355 esset,
799 2282 844 2341 sin
864 2282 893 2339 in
915 2283 1021 2341 honam
1040 2282 1180 2359 accipitur
1193 2288 1316 2359 partem.
1358 2277 1407 2336 Sic

162 2366 299 2445 vel,quod
315 2366 397 2423 Mars
417 2365 457 2423 ibi
475 2366 593 2443 primus,
609 2364 759 2423 Halirrho·
801 2362 911 2422 coloss.
931 2360 955 2433 I,
983 2369 1028 2422 10.
1050 2368 1220 2445 marafim
1242 2366 1309 2437 ὑμές
1333 2362 1407 2431 ἀξίως

164 2445 228 2518 thio,
241 2447 368 2525 Neptuni
382 2446 452 2515 filio,
473 2447 637 2516 interemto,
648 2444 758 2523 judicio
800 2452 846 2504 τοῦ
856 2445 947 2526 Xagloa
962 2451 992 2508 tit
1006 2449 1095 2504 πῖναι
1114 2450 1131 2501 οἱ
1147 2442 1239 2501 ianuar
1253 2449 1286 2497 ut
1300 2457 1407 2497 conve·

165 2523 305 2587 duodecim
321 2529 452 2585 Deorum
474 2546 505 2586 se
526 2526 626 2585 sistere
641 2536 759 2585 coactus
800 2525 914 2582 nienter
927 2524 1089 2602 praeceptis
1110 2471 1255 2600 religionis
1275 2519 1407 2578 christiac-

162 2604 293 2679 fluitet
312 2610 423 2666 hastam
448 2628 528 2666 suam
551 2606 589 2665 ibi
610 2607 705 2665 fixerit
720 2625 758 2664 ex
800 2623 855 2663 nse
869 2606 961 2683 agatis
975 2616 1005 2663 et
1019 2605 1059 2663 ita
1074 2605 1139 2662 Deo
1159 2604 1275 2681 placere
1289 2598 1407 2658 studea-

167 2691 245 2747 veteri
269 2690 374 2748 fabula.
415 2689 490 2747 Vide
516 2689 644 2747 Pausan.
672 2687 758 2745 Attio.
800 2685 847 2756 tis,
862 2703 923 2757 seu,
945 2686 1106 2764 utdignam
1122 2683 1262 2763 religione
1276 2680 1408 2761 christis-

167 2758 280 2830 lctss.
293 2791 321 2847 p.
337 2775 386 2830 68.
428 2771 486 2834 Qui
506 2770 536 2827 in
558 2769 606 2827 iilo
631 2769 759 2827 celeber·
800 2785 838 2824 na
865 2777 896 2825 et
919 2766 986 2825 Deo
1013 2768 1163 2845 probatam
1190 2764 1280 2823 vitam
1305 2761 1407 2840 agatis.

167 2848 228 2909 nmo
242 2852 342 2929 judicii
363 2851 428 2908 Ioco
448 2851 589 2909 sedebant
601 2849 714 2927 judices
729 2860 759 2908 et
803 2847 895 2906 sicin
911 2847 1066 2927 Excerptis
1080 2867 1118 2906 ex
1132 2845 1253 2928 Polybio
1274 2844 1339 2902 Lib.
1354 2842 1407 2901 VI.

164 2928 201 2988 tie
218 2932 385 3011 gravissimis
413 2933 506 2990 causis
534 2931 757 3009 cognoscebant,
799 2928 862 2986 init.
876 2933 889 2993 i
904 2937 949 2990 τοῦ
961 2931 1086 3000 βασιλέος
1107 2930 1222 2987 tincta
1236 2922 1408 3004 obsequium

172 3011 346 3094 Areopagitae
356 3013 583 3090 appellabantur.
627 3012 692 3069 Non
707 3029 758 3068 au·
800 3009 829 3067 in
857 3021 966 3088 regem.
1008 3009 1083 3069 Vide
1114 2957 1218 3069 (Ileriot'
1242 3008 1309 3067 Art.
1335 3005 1408 3064 Cn't.

169 3098 218 3150 tem
230 3097 348 3173 quilibet
357 3095 384 3151 in
395 3094 544 3152 curialium
556 3094 658 3149 horum
670 3111 759 3169 coop
800 3089 865 3148 Vol.
882 3092 904 3150 1.
907 3112 951 3231 pz
961 3092 1030 3151 401.

170 3174 267 3234 tahatur
281 3196 445 3245 numerum,
459 3175 510 3232 sed
524 3174 705 3252 eligebantur
718 3173 760 3229 vi·
854 3174 905 3232 ’ΛΡ

170 3253 200 3323 ri,
215 3276 326 3333 genere,
349 3256 461 3334 opibus,
483 3256 558 3313 vitae
580 3254 712 3312 castitate
729 3265 759 3311 et
796 3252 904 3332 prodor
931 3249 1007 3322 aliis,
1021 3255 1133 3332 flavore
1162 3252 1282 3310 aliorum
1311 3268 1407 3308 arnor.

168 3331 277 3406 jutitiae
291 3350 321 3396 et
335 3337 488 3414 aequitatis
501 3336 597 3394 studio
616 3353 684 3412 prae
698 3334 760 3391 aliis
803 3333 909 3392 Matth.
925 3333 1007 3404 XIV,
1022 3338 1050 3393 6.
1071 3342 1115 3392 sai
1137 3334 1202 3415 lgm
1216 3341 1251 3410 τᾷ
1266 3331 1362 3412 'Hgdlp
1377 3341 1407 3388 et

174 3417 313 3478 eminentes
330 3430 361 3477 et
381 3418 563 3497 spectabiles,
585 3415 693 3473 undea
710 3417 760 3473 Se·
801 3414 921 3473 mirifice
957 3434 992 3472 ea
1030 3414 1164 3474 Herodes
1199 3414 1408 3473 delectabatur.

176 3512 226 3556 teta
242 3501 277 3559 de
295 3500 324 3558 T
322 3498 457 3578 raaqaill.
479 3518 504 3557 c.
527 3503 554 3557 3.
576 3498 632 3554 hoc
653 3496 760 3573 judici·
802 3495 897 3554 Marc.
912 3494 965 3565 VI,
981 3499 1029 3554 22.
1051 3496 1121 3554 Act.
1142 3494 1196 3565 VI,
1218 3500 1246 3554 5.
1269 3495 1409 3572 saligam

177 3591 211 3634 tu
234 3581 474 3660 religiosissimum
504 3590 633 3637 vocatur.
676 3576 760 3637 Conf.
803 3579 901 3650 talpa
915 3578 1010 3636 inimo
1024 3584 1116 3643 κοπὶς
1130 3585 1175 3635 τοῦ
1192 3577 1298 3639 attam
1313 3584 1343 3631 ct
1357 3572 1409 3629 ad-

177 3651 198 3712 51¹
215 3660 283 3721 hunc
308 3682 370 3721 rem
391 3662 506 3720 Potteri
528 3656 760 3738 Archaeologiom
802 3657 920 3714 modum
942 3658 998 3715 hoc
1021 3657 1170 3716 consilium
1196 3654 1328 3713 omnibus
1342 3671 1409 3730 pro·

179 3733 293 3801 Gratum
319 3743 355 3800 T.
376 3742 401 3800 I.
422 3762 451 3820 p.
472 3747 540 3799 201.
582 3739 708 3798 Mearst'i
728 3739 761 3795 li·
802 3739 935 3808 babetur,
951 3739 1036 3796 Rom.
1051 3737 1135 3809 VIII,
1158 3740 1185 3795 8.
1208 3743 1262 3813 Θεᾷ
1282 3734 1367 3815 teiam
1382 3737 1411 3792 οὗ

178 3811 241 3879 bruto
254 3825 289 3883 de
306 3825 467 3903 Areopago,
493 3822 637 3880 ll'etsteat'i
659 3822 699 3878 N.
726 3819 760 3878 T.
803 3817 918 3879 dilianae
942 3830 1078 3897 expertes
1101 3828 1169 3875 sunt
1189 3815 1294 3874 favoris
1312 3812 1410 3873 divini.

180 3891 701 3983 1111156511].11Ρενίκοηὶιιηι
724 3900 761 3959 ad
803 3921 830 3958 v.
845 3907 893 3957 33.
915 3907 964 3959 34.
1007 3897 1409 3974 iThess.11‚15.oo,a

180 3976 270 4043 dtllan.
298 3987 328 4044 V.
359 3986 401 4043 H.
426 3984 460 4042 V.
482 4003 508 4042 c.
538 3989 581 4044 15.
629 3983 664 4040 111
686 3985 761 4040 Are·
803 3983 951 4060 decendium
966 3978 1138 4039 Deoinvlsl.
1169 3977 1237 4035 ibid.
1252 3976 1305 4051 IV,
1322 3981 1349 4034 l.
1391 3983 1411 4035 ‘d

179 4072 281 4139 ⁰ptgum
324 4066 430 4125 Paulus
474 4065 645 4134 ducebatur,
683 4074 762 4141 post-
804 4061 880 4119 Tim.
894 4061 935 4132 11,
950 4068 978 4119 4.
993 4061 1033 4121 a.
1046 4068 1081 4141 τῇ
1101 4063 1333 4142 ποοτολογῆοοοτι
1355 4056 1412 4116 t'·

180 4153 246 4211 quam
267 4147 493 4205 Atheniensibus
520 4165 623 4204 novam
648 4144 762 4221 religio·
805 4171 834 4210 οη
855 4154 887 4199 ut
908 4141 976 4201 duci
999 4142 1147 4218 probetur.
1189 4139 1302 4198 Eodem
1323 4083 1411 4196 modo

180 4229 230 4278 aem
239 4227 419 4286 christianam
433 4228 667 4286 annunciaverat.
693 4229 762 4283 Act.
805 4210 882 4282 (len.
896 4222 1036 4294 XXXIV,
1061 4227 1106 4281 18.
1128 4223 1212 4304 ligarat
1227 4225 1248 4280 οἱ
1262 4224 1332 4294 λέγοι
1349 4223 1412 4278 ἐνοι-

181 4290 761 4392 1111101111111”Αςο11πο1γοιῖἱγαγον.
804 4305 981 4381 slar’Epapw'.
1026 4303 1158 4362 lMacc.
1175 4302 1228 4375 VI,
1250 4308 1298 4363 60.
1327 4299 1412 4370 VIII,

181 4374 268 4444 VIII-v.
282 4393 329 4448 22.
806 4390 855 4445 21.
875 4385 937 4448 1108.
958 4333 1058 4459 XXII,
1084 4391 1133 4447 38.
1153 4384 1230 4467 ligura
1244 4388 1255 4443 ὃ
1271 4384 1345 4456 alpos
1361 4387 1413 4447 τοῖς

928 4469 956 4532 Q
1354 4463 1413 4526 υἱοῖς

954 3185 1016 3241 ΚΩ,
1040 3171 1095 3230 sul.
1121 3173 1210 3255 sigiaco,
1247 3170 1273 3228 l.
1295 3168 1408 3250 placeo,
