3046 5496
119 563 172 648 ria.
560 580 597 651 A
616 577 653 650 Π
1031 570 1203 655 ’Arabim

123 725 197 783 haec
210 724 294 784 muln
333 725 369 808 β)
389 725 580 787 liberationem
622 731 670 786 33.
685 724 750 797 XV,
765 730 813 787 33.
828 731 876 790 39.
899 729 967 788 Act.
988 730 1071 803 XIX,
1084 739 1133 792 40.
1156 735 1222 794 α’πὶ.

116 827 219 885 mpure,
240 808 360 866 miseriis
372 819 399 868 et
414 808 494 868 molis
501 831 585 889 pres·
622 825 683 866 noos
695 813 736 870 sin
755 811 886 873 ἐκκλησίαι
906 812 1075 870 concionem
1096 815 1221 875 dimitte.

115 898 147 944 ut
171 888 217 946 vel
231 888 380 946 omittatur
399 899 444 949 τοῦ
458 893 583 968 stipam,
619 889 679 946 bat.
720 889 843 969 (Polyb.
864 892 920 962 ΙΙΙ,
942 899 989 951 31.
1010 893 1104 954 isinum
1123 901 1164 958 eir
1182 900 1223 954 in·

116 980 174 1026 tur.
217 969 302 1027 Rom.
324 969 407 1041 VIII,
430 975 479 1031 33.
501 973 583 1032 dm·
621 971 734 1034 anselm.
775 969 924 1030 Plutarch.
945 974 1081 1034 Phocion.
1104 995 1132 1053 p.
1154 979 1222 1039 758.

129 1054 171 1112 rto
197 1051 372 1133 iinonbrgerir
398 1059 443 1112 soii
470 1056 584 1128 edmero,
620 1069 673 1127 pro
687 1068 744 1128 quo
758 1052 834 1129 apud
849 1054 992 1134 Arislnplt.
1008 1056 1133 1115 Acltarn.
1157 1061 1223 1120 172.

116 1141 253 1189 notantes
265 1132 463 1191 liberationem
477 1135 584 1193 abhoc
621 1143 652 1189 et
665 1129 771 1189 Erotes.
795 1136 862 1194 377.
883 1135 947 1193 nior
968 1141 1009 1199 rto
1036 1139 1167 1203 nannai·
1180 1139 1225 1196 di·

116 1222 222 1270 008110.
251 1211 396 1293 Ερ11θερ1,
414 1220 459 1273 14.
473 1222 504 1282 tis
518 1218 584 1275 airo-
621 1212 722 1291 citur.)
746 1212 784 1271 ib.
799 1213 913 1285 XXIII,
934 1223 981 1273 22.
1003 1220 1015 1276 i
1027 1220 1072 1294 pir
1085 1220 1225 1302 χιλ1ιςῗχος

116 1299 158 1358 riis
173 1299 350 1375 maritimos,
371 1296 390 1355 i.
405 1314 432 1374 q·
451 1303 482 1363 tis
495 1298 584 1379 inies.
622 1293 732 1352 irritem
752 1300 792 1352 sir
811 1299 899 1353 nariam
920 1296 1051 1356 tribunus
1071 1300 1159 1377 Igitur
1179 1300 1224 1358 di·
1240 1349 1248 1364 ,

116 1373 187 1439 ἕως.
214 1376 251 1433 ib.
276 1374 330 1446 IV,
356 1381 403 1434 30.
428 1395 517 1455 usque
546 1378 583 1436 nd
620 1373 698 1431 misit
718 1373 939 1435 adolescentem.
1003 1377 1114 1437 Eodem
1135 1380 1223 1438 modo

116 1472 174 1532 quo
188 1455 270 1514 Deus
286 1456 462 1514 Christianos
475 1460 512 1516 ab
526 1458 583 1517 hoc
620 1453 761 1513 absolvere
781 1476 834 1533 pro
857 1457 997 1516 dimittere
1021 1460 1098 1537 apud
1122 1461 1223 1520 Plaat.

116 1534 257 1594 liberabit.
297 1536 582 1616 17)liberationema
620 1536 733 1614 Epidio.
754 1538 823 1594 Act.
839 1536 874 1595 V.
890 1538 937 1596 Sc.
952 1538 975 1596 1.
995 1559 1023 1598 v.
1038 1545 1087 1600 35.
1128 1542 1222 1600 Inter-

125 1636 219 1694 poeno
233 1628 422 1696 peccatorum,
447 1621 584 1698 expiatio.
622 1616 690 1673 dum
704 1617 820 1676 tarnim
833 1618 973 1678 dimittere
995 1619 1114 1699 aliquem
1135 1622 1224 1698 signi·

116 1706 240 1754 ntorum.
282 1698 366 1756 Rom.
387 1698 444 1770 111,
465 1706 514 1759 34.
542 1698 583 1760 iot
621 1697 698 1766 ficut,
719 1697 771 1768 ita,
785 1707 816 1755 ut
830 1719 890 1756 enm
904 1710 1051 1781 compotem
1073 1701 1131 1759 noti
1136 1707 1222 1779 sece-

116 1779 232 1858 regimus
246 1786 288 1844 ris
304 1783 323 1838 ir
337 1789 435 1861 Xgrrrqi
450 1777 519 1845 inssi
532 1802 583 1859 per
621 1778 671 1847 rit,
686 1797 753 1836 vec.
768 1779 875 1837 Matth.
891 1780 955 1852 XV,
970 1788 1019 1840 23.
1033 1786 1160 1841 riaeibvror
1174 1787 1223 1841 ari·

116 1876 178 1915 nem
189 1877 207 1916 a
220 1861 320 1937 poenis
328 1860 429 1918 divinis
442 1881 494 1939 per
508 1882 584 1921 mor.
620 1863 660 1920 eto
673 1858 787 1917 satisfac
801 1878 900 1918 eorum
914 1862 1056 1938 precibus.
1097 1863 1223 1940 Elegan-

115 1937 162 1996 isti
177 1953 326 1998 cruentam
340 1941 455 1999 factam.
477 1943 583 2020 Ephes.
620 1950 665 1997 ter
679 1939 715 1996 de
729 1939 784 1998 bac
798 1943 914 2001 inanior
927 1944 1044 2001 notione
1058 1944 1118 2021 egit
1144 1945 1222 2002 Wes-

116 2018 240 2101 nbsguon
254 2041 320 2078 cum
336 2023 421 2092 insen
435 2028 481 2082 sir
499 2026 583 2106 ipep-
619 2019 718 2099 seling.
732 2021 770 2078 ad
782 2022 870 2080 Diod.
883 2023 939 2081 Sia.
950 2023 989 2095 ΙΙ,
1002 2030 1078 2082 3.-
1088 2024 1222 2082 Medium

116 2111 248 2159 mutatur.
290 2103 382 2160 Hebr.
407 2103 460 2173 IX,
484 2111 530 2164 15.
553 2113 583 2172 εἰς
620 2111 651 2158 et
666 2101 811 2159 Pastinum
826 2105 979 2163 inanitates
1001 2105 1115 2175 dimitti,
1129 2105 1223 2164 dimit·

116 2208 154 2240 m
166 2187 214 2241 eir
229 2185 269 2242 ἐπὶ
283 2189 314 2263 ‘b
324 2185 407 2264 ψ’τῃ
419 2182 515 2266 διαθήκῃ
531 2213 583 2245 xa·
620 2191 680 2239 tere
702 2203 731 2240 se
755 2185 855 2262 ipsum,
877 2184 965 2254 abire,
979 2186 1129 2256 discedere,
1144 2186 1223 2244 baud
1254 2250 1258 2255 ,

125 2262 164 2319 ad
188 2263 331 2340 expianda
354 2276 484 2341 peccatu,
510 2286 583 2342 quae
619 2281 683 2321 raro
711 2265 797 2322 etiam
832 2264 938 2342 legitur
965 2267 993 2323 in
1029 2267 1223 2345 Scriptoribus

116 2345 309 2403 inversionem
345 2344 381 2401 ad
415 2346 583 2423 religionem
620 2343 658 2400 N.
673 2343 708 2401 T.
721 2364 813 2423 aeque
835 2364 870 2403 sc
891 2347 1020 2406 Graecis.
1063 2352 1131 2407 Act.
1153 2348 1220 2418 XV,

117 2443 164 2481 um
178 2426 388 2483 commiserant.
417 2425 583 2485 Aleloss.
620 2428 668 2482 30.
691 2428 714 2483 οἱ
736 2428 779 2501 pir
800 2423 840 2484 sir
864 2429 1032 2499 bretolium,
1054 2429 1118 2488 coil.
1140 2449 1167 2487 ν.
1182 2432 1224 2487 33

116 2524 140 2582 Ρ.
164 2511 212 2567 97.
236 2507 441 2586 oinoivrgeirwe'
468 2507 583 2578 sibime.
619 2510 712 2563 0133.
733 2506 801 2563 ibid.
815 2527 841 2563 v.
856 2513 904 2566 33.
918 2510 1073 2574 similini
1093 2510 1149 2585 μετ’
1162 2514 1223 2591 tigri·

116 2587 371 2668 103.α’πολ1ντςωσιν·
394 2587 583 2649 oixomotm-
620 2611 654 2650 tm
677 2585 783 2644 dimissi
804 2599 871 2644 tunt
891 2589 972 2646 bonis
993 2608 1059 2647 cum
1080 2591 1222 2648 ominibus

618 2665 758 2744 votisque.
772 2667 840 2725 ibid.
855 2668 995 2739 XXVIII,
1010 2674 1058 2730 35.
1076 2672 1222 2746 ἀσύμφωνοι

116 2767 173 2827 pse,
192 2748 238 2806 cni
250 2746 440 2807 liberationem
459 2749 581 2822 amalis,
619 2743 643 2804 li
657 2747 718 2812 'imm
732 2755 792 2840 mgis
806 2753 934 2814 tinnitos,
954 2751 1090 2810 initiam
1111 2752 1221 2808 discor·

116 2837 244 2908 etpoena
255 2841 431 2908 peccatorum
446 2830 582 2889 debemm.
620 2826 671 2884 des
695 2826 764 2885 iactr
786 2827 987 2888 discesserunt.
1039 2831 1182 2907 Exempla
1201 2849 1220 2888 e

117 2916 196 2980 ,30.
217 2918 321 2991 Χςιπὶς
343 2914 431 2982 ἐγενήθη
452 2913 582 2985 intrim·
621 2907 813 2984 Scriptoribus
836 2909 948 2985 graecis
974 2909 1054 2967 dabit
1082 2910 1220 2968 Gotober.

116 2989 244 3051 Christus
257 2991 351 3049 factus
365 3003 409 3049 est
423 2992 504 3050 nobis
514 3012 582 3050 cau-
619 2988 655 3046 ad
681 2990 727 3046 M.
751 2989 887 3046 Antonin.
916 2989 969 3060 XI,
995 2996 1023 3049 3.
1047 3011 1075 3067 p.
1100 2996 1168 3051 313.
1189 3001 1220 3048 et

123 3083 225 3129 auctor
249 3072 421 3129 remissionis
446 3084 581 3149 peccato.
620 3068 774 3148 liapbelius
788 3069 817 3145 in
827 3070 977 3129 Artrrotatt.
991 3070 1093 3150 Polyb.
1107 3091 1135 3149 p.
1149 3076 1218 3130 408.

116 3151 124 3209 ¹.
145 3153 253 3210 Snieer.
279 3153 361 3211 Tbes.
388 3151 494 3211 Eccles.
509 3153 543 3210 T.
557 3154 581 3211 I.
620 3149 668 3207 Sic
692 3150 778 3209 etiam
800 3148 936 3226 inanimes
961 3164 1114 3230 usurpatur
1141 3151 1221 3229 apud

622 3230 650 3288 Τ
648 3229 748 3311 bucyd.
764 3231 799 3302 V,
824 3237 889 3290 113.
910 3232 1038 3313 Xenopb.
1061 3233 1128 3314 Cpr.
1150 3232 1220 3305 VII,

117 3310 199 3385 Ain,
213 3314 267 3372 fut.
282 3313 342 3385 boo,
358 3316 471 3394 proprie
618 3318 647 3371 5.
666 3314 711 3372 15.

116 3424 127 3465 >,
141 3394 272 3465 dissolvo,
285 3396 402 3465 resolvo,
417 3396 493 3476 qnod
509 3395 582 3477 liga·
637 3397 667 3451 4.
691 3392 840 3452 divortium
857 3395 943 3472 sosio
967 3415 1027 3453 rum
1051 3415 1147 3463 uxore,
1175 3391 1221 3453 nel

116 3476 222 3556 ignium
236 3486 262 3533 et
277 3497 426 3534 connexam
441 3487 491 3535 est.
523 3477 580 3536 Sed
616 3473 792 3553 desponsata,
812 3487 840 3532 et
857 3496 917 3533 eant
931 3477 1057 3555 repudio.
1099 3474 1221 3534 GraecIS

116 3557 227 3635 propria
254 3557 470 3633 significatione,
504 3558 582 3636 apud
616 3575 728 3613 usonem
743 3555 892 3626 dimittere,
915 3561 1050 3636 (sueton.
1065 3558 1137 3614 Ner.
1154 3555 1217 3635 17.)

116 3659 135 3696 n
150 3649 181 3697 et
195 3637 372 3696 Aristotelem
388 3639 481 3710 obvia,
504 3638 581 3697 haud
615 3635 782 3712 ἀποπέμπειν,
816 3637 860 3694 vel
888 3639 1081 3711 &monimento-lai
1108 3642 1220 3708 nornine

116 3719 180 3777 ΙΝ.
196 3719 230 3776 Τ.
245 3718 331 3778 libris.
616 3716 730 3774 dicitur.
772 3723 790 3796 (
794 3717 954 3775 Herodian.
968 3718 1004 3787 V,
1019 3723 1048 3778 6.
1062 3736 1086 3774 s.
1111 3722 1135 3774 1.
1156 3717 1219 3774 De·

116 3821 138 3859 ‘o
165 3822 183 3857 o
209 3799 299 3870 rebus,
327 3822 398 3879 quoe
421 3820 580 3870 aerumnas,
615 3796 713 3855 mostli.
736 3798 818 3856 Oroi.
849 3798 878 3854 in
905 3799 1046 3855 Neaeram
1071 3818 1100 3874 p.
1128 3797 1215 3874 531.)

116 3890 162 3950 tes,
192 3881 332 3939 cruciatus
360 3902 448 3939 secam
463 3885 580 3959 ferunt.
616 3877 702 3935 etiam
724 3876 853 3936 inclinar
874 3885 983 3951 pomino
1000 3879 1050 3959 (ut
1064 3876 1140 3954 apud
1154 3877 1219 3934 De-

116 3960 213 4032 11,13.
232 3964 393 4021 simoninus-nt
407 3963 580 4029 sisois-limini
615 3957 780 4017 mostbenem
808 3959 827 4016 I.
856 3959 874 4016 1.
901 3981 930 4036 [1.
957 3966 1016 4018 535
1038 3970 1068 4016 et
1096 3961 1164 4016 539-
1187 3966 1219 4012 et

116 4043 188 4100 usis
209 4063 227 4100 a
247 4045 347 4100 morbo
368 4056 427 4101 tuo.
469 4043 581 4101 Morbis
621 4038 1019 4116 Tbom.M.subtn0mtno).
1041 4038 1115 4094 Vide
1140 4036 1219 4093 Wes-

128 4123 222 4192 morti,
239 4124 351 4181 vincula
372 4123 580 4195 tribuebantur,
616 4118 715 4198 seling.
729 4120 766 4178 ud
780 4121 868 4178 Diod.
883 4121 937 4178 Sia.
952 4120 1016 4176 Lib.
1031 4118 1097 4174 XII.
1111 4136 1140 4192 p.
1147 4119 1218 4175 490.

116 4204 346 4282 constringerent
370 4205 507 4262 homines.
561 4214 579 4263 2
618 4201 726 4257 Matth.
746 4200 772 4269 Ι,
795 4205 841 4259 19.
863 4199 975 4263 ὲζουλὴδη
988 4200 1071 4278 tinga
1085 4202 1218 4254 tnontm

116 4284 145 4357 1,
160 4289 208 4343 33.
227 4287 267 4344 iia
280 4295 353 4345 τοῦτο
366 4288 465 4367 nette,
479 4287 581 4345 e'mno-
616 4285 691 4344 αὑτὸν
713 4281 841 4339 decrevit
868 4299 932 4338 enm
959 4279 1032 4335 clam
1060 4276 1216 4344 dimittere,

116 4368 203 4425 ιιιίτου.
226 4368 262 4423 ib.
277 4388 303 4424 v.
319 4371 366 4425 30.
410 4365 512 4445 Polyb.
536 4370 580 4436 II,
616 4362 681 4419 colt.
696 4381 722 4418 v.
739 4367 784 4420 18.
826 4360 933 4419 Mami.
948 4358 985 4428 V,
1001 4363 1049 4416 31.
1064 4362 1111 4416 33.
1133 4355 1218 4425 XIX,

116 4448 222 4506 ininius
244 4453 298 4505 nit
323 4445 499 4528 πςιίλήμιτος
513 4445 580 4504 libe·
617 4448 645 4501 3.
655 4442 749 4499 Marc.
760 4441 797 4511 X,
808 4446 837 4500 4.
879 4439 990 4497 Eodem
1004 4457 1089 4496 sensu
1103 4435 1219 4495 hebrui-

116 4548 188 4607 7aem
212 4550 229 4586 o
254 4528 436 4599 dubitatione,
460 4528 498 4585 ib.
523 4527 579 4600 111,
615 4542 681 4581 cum
699 4504 772 4615 17th
788 4532 940 4599 usurpatur
954 4519 1043 4577 Dent.
1058 4517 1157 4587 XXII,
1171 4521 1217 4577 19.

132 4609 357 4701 subtatum·
372 4611 537 4691 torretorre·
615 4637 665 4690 oo.
678 4626 738 4688 Jer.
752 4628 809 4700 111,
824 4632 852 4687 s.
867 4634 885 4688 s
902 4625 983 4684 ntor.
998 4626 1052 4698 1x,
1068 4631 1116 4686 os.
1147 4628 1217 4686 oos-

116 4699 162 4758 tto,
175 4690 263 4762 abire,
284 4689 423 4749 discedere
433 4690 522 4771 jubeo
536 4688 579 4747 al·
614 4712 666 4769 pin·
681 4711 735 4781 XI,
752 4715 797 4768 ῃ,
814 4709 827 4788 p
846 4714 874 4769 5·
895 4707 925 4764 in
938 4707 1040 4766 eadem
1062 4726 1094 4766 ,ρ
1107 4707 1218 4766 formu.

134 4770 243 4864 Matth.
268 4771 349 4842 ler
377 4776 423 4831 ¹5·
450 4773 579 4830 ‘'2312'0'
614 4790 771 4873 lurepodio
784 4790 924 4852 dimittere
938 4808 1005 4850 usus
1019 4800 1071 4850 est.

116 4879 154 4919 ους
176 4851 301 4914 dimittas
314 4853 462 4933 populum.
486 4871 513 4911 v.
530 4853 578 4911 33.
735 4872 760 4930 P
1087 4873 1114 4929 5.
1129 4884 1215 4926 sensu

119 4933 142 4991 1.
